1700 3059
448 161 779 223 EPIST.
828 173 979 220 mm·
1014 151 1145 232 <1112
1280 179 1396 240 317

196 279 282 329 re,
330 258 411 318 ita
428 278 559 336 ego,
591 261 688 338 qui
717 279 805 318 me
834 257 1026 320 ostreis
1055 274 1111 318 et
1131 262 1408 322 muraenis

198 345 365 408 heile
396 345 751 418 abstinebam,
772 367 805 403 a
832 347 958 404 beta
979 361 1037 405 et
1060 367 1090 406 a
1105 345 1285 408 malva
1315 347 1412 408 de·-

202 448 399 511 ceptus
418 430 554 490 sum.
602 431 823 511 posthac
836 433 1008 509 igitur
1023 436 1223 492 erimus
1239 434 1414 494 cauti·

206 539 357 579 ores:
409 534 471 576 tu
496 533 681 592 tamen
710 539 837 577 cum
867 517 1096 578 audiss'es
1120 521 1187 578 ab
1211 521 1418 580 Anicio

208 605 383 676 (vidit
410 607 561 684 0113111
584 625 673 662 me
692 603 1074 681 nauseantem)
1097 627 1216 666 non
1246 605 1420 668 modo

208 691 473 756 mittendi
488 689 700 750 causam
718 689 919 768 justam
933 691 1184 765 habuisti,
1209 690 1294 751 sed
1314 694 1420 752 eti·

207 801 305 840 am
330 776 563 837 visendi.
608 797 714 854 ego
745 781 837 835 hic
867 781 1058 853 cogito
1088 781 1422 838 commorari

218 863 407 946 quoad
420 883 507 922 me
536 861 796 923 reficiam.
844 883 974 921 nam
999 878 1053 920 et
1065 866 1211 923 vires
1227 881 1282 924 et
1297 885 1421 924 cor·

220 972 327 1033 pus
344 947 513 1010 amifi.
546 947 655 1019 sed,
672 948 707 1007 fi
725 951 980 1008 morbum
995 947 1276 1029 depulero,
1289 951 1428 1011 faci-

218 1037 301 1116 le,
320 1052 385 1097 ut
397 1034 579 1116 spero,
608 1034 705 1094 ina
716 1037 1016 1104 revocabo.
1061 1035 1206 1096 vale.

221 1270 235 1278 ,
406 1255 413 1262 ·
449 1229 721 1278 CICERO]
752 1227 990 1272 cat-no
1031 1223 1084 1272 Β.
1118 1229 1189 1271 D.

128 1302 199 1352 27
224 1347 252 1364 ,.
314 1297 521 1370 Miror,
542 1318 639 1357 cur
654 1317 743 1358 me
756 1296 997 1373 accuses,
1018 1317 1142 1359 cum
1153 1297 1258 1358 tibi
1273 1293 1330 1358 id
1347 1295 1434 1358 fa·

226 1405 357 1447 cere
386 1404 502 1444 non
528 1383 710 1444 liceat.
760 1384 914 1462 quod
943 1384 981 1447 fi
1013 1384 1222 1458 licerer,
1245 1399 1433 1444 tamen

228 1493 353 1534 non
368 1471 626 1531 debebas,
672 1470 692 1503 ‘
716 1491 821 1549 ego
842 1473 992 1528 enim
1022 1485 1078 1528 te
1097 1471 1158 1530 in
1179 1467 1436 1530 consula·

222 1549 252 1594 ’ί
279 1575 343 1618 tu
357 1555 743 1616 observatam)
786 1571 845 1615 et
859 1559 962 1628 ais,
986 1555 1127 1629 fore,
1149 1571 1212 1614 ut
1227 1571 1282 1615 te
1297 1561 1436 1616 Cae·
1519 1563 1526 1572 '

222 1644 319 1722 §sar
334 1642 595 1705 restituat.
640 1642 811 1703 multa
840 1658 902 1702 tu
919 1641 1141 1720 quidem
1164 1641 1326 1715 dicis,
1346 1640 1440 1705 sed

232 1734 339 1794 tibi
360 1751 533 1790 nemo
556 1729 749 1802 credit.
799 1731 1138 1788 tribunatum
1160 1727 1340 1808 plebei
1353 1728 1444 1790 di·

234 1821 319 1880 cis
332 1834 393 1878 te
415 1838 533 1880 mea
554 1813 709 1876 causa
736 1815 944 1896 petffl'e.
992 1817 1206 1874 utinam
1236 1811 1444 1896 semper

236 1903 373 1966 effes
388 1906 676 1963 tribunus-2
704 1901 1110 1962 interceflbrem
1135 1922 1254 1960 non
1271 1919 1442 1981 quae·

242 2011 413 2052 reres.
458 2009 631 2066 negas
660 2009 748 2048 me
778 1988 1001 2061 audere,
1031 1987 1184 2066 quod
1213 1985 1444 2048 sentiam

244 2075 601 2154 dicere.quafi
617 2076 715 2134 tibi
718 2095 866 2148 ‚curn
883 2073 1228 2151 impudenter
1243 2093 1332 2134 me
1347 2093 1446 2134 ro-

237 2183 427 2242 gares,
445 2181 641 2242 parum
650 2160 872 2223 fortiter
883 2159 1280 2240 responderim.
1311 2163 1450 2224 haee

244 2251 347 2310 tibi
362 2245 571 2328 scripfi,
593 2264 657 2306 ut
672 2247 771 2307 isto
787 2244 907 2326 ipso
928 2249 990 2306 in
1009 2267 1230 2324 genere,
1253 2247 1312 2304 in
1329 2262 1448 2324 quo

240 2333 456 2414 aliquid
470 2332 617 2413 poss‘e
635 2337 745 2408 vis,
777 2349 833 2392 te
855 2333 994 2392 nihil
1015 2331 1119 2392 esse
1145 2329 1448 2408 cognosce·

239 2442 357 2484 res.
402 2420 557 2500 quod
583 2419 623 2480 fi
652 2421 963 2482 humaniter
987 2438 1200 2483 mecum
1229 2414 1450 2495 questu:

240 2506 399 2586 effes,
406 2507 643 2570 libenter
658 2509 763 2574 tibi
778 2527 866 2580 me
881 2521 939 2568 et
949 2503 1106 2568 facile
1119 2500 1450 2588 purgamen.
