<?xml version="1.0" encoding="UTF-8"?>
<!DOCTYPE html PUBLIC "-//W3C//DTD XHTML 1.0 Transitional//EN"
    "http://www.w3.org/TR/xhtml1/DTD/xhtml1-transitional.dtd">
<html xmlns="http://www.w3.org/1999/xhtml" xml:lang="en" lang="en">
 <head>
  <title>
</title>
<meta http-equiv="Content-Type" content="text/html;charset=utf-8" />
  <meta name='ocr-system' content='tesseract 3.04.00' />
  <meta name='ocr-capabilities' content='ocr_page ocr_carea ocr_par ocr_line ocrx_word'/>
</head>
<body>
  <div class='ocr_page' id='page_1' title='image "./mtulliiciceroni10unkngoog/mtulliiciceroni10unkngoog_0242.png"; bbox 0 0 1700 3059; ppageno 0'>
   <div class='ocr_carea' id='block_1_1' title="bbox 381 165 1393 243">
    <p class='ocr_par' dir='ltr' id='par_1_1' title="bbox 381 165 1393 243">
     <span class='ocr_line' id='line_1_1' title="bbox 381 165 1393 243; baseline 0.004 -21"><span class='ocrx_word' id='word_1_1' title='bbox 381 178 508 243; x_wconf 69' lang='lat'>232</span> <span class='ocrx_word' id='word_1_2' title='bbox 595 168 720 224; x_wconf 77' lang='lat' dir='ltr'>An</span> <span class='ocrx_word' id='word_1_3' title='bbox 763 165 1393 227; x_wconf 58' lang='lat' dir='ltr'>FAM1L1AR&#39;ES</span> 
     </span>
    </p>
   </div>
   <div class='ocr_carea' id='block_1_2' title="bbox 363 266 1678 851">
    <p class='ocr_par' dir='ltr' id='par_1_2' title="bbox 363 266 1678 851">
     <span class='ocr_line' id='line_1_2' title="bbox 363 266 1608 348; baseline 0.004 -20"><span class='ocrx_word' id='word_1_4' title='bbox 363 279 470 328; x_wconf 76' lang='lat' dir='ltr'>2tu⁸</span> <span class='ocrx_word' id='word_1_5' title='bbox 484 267 536 329; x_wconf 88' lang='lat' dir='ltr'>se</span> <span class='ocrx_word' id='word_1_6' title='bbox 551 266 838 330; x_wconf 73' lang='lat' dir='ltr'>sustentare</span> <span class='ocrx_word' id='word_1_7' title='bbox 852 267 1003 348; x_wconf 81' lang='lat' dir='ltr'>poffe</span> <span class='ocrx_word' id='word_1_8' title='bbox 1016 267 1294 330; x_wconf 83' lang='lat' dir='ltr'>videatur.</span> <span class='ocrx_word' id='word_1_9' title='bbox 1330 269 1463 348; x_wconf 67' lang='lat' dir='ltr'>fied,</span> <span class='ocrx_word' id='word_1_10' title='bbox 1487 271 1529 335; x_wconf 80' lang='lat' dir='ltr'>fi</span> <span class='ocrx_word' id='word_1_11' title='bbox 1542 268 1608 333; x_wconf 71' lang='lat' dir='ltr'>est</span> 
     </span>
     <span class='ocr_line' id='line_1_3' title="bbox 363 353 1603 440; baseline 0.006 -27"><span class='ocrx_word' id='word_1_12' title='bbox 363 353 496 434; x_wconf 67' lang='lat' dir='ltr'>spes</span> <span class='ocrx_word' id='word_1_13' title='bbox 509 356 692 434; x_wconf 81' lang='lat' dir='ltr'>aliqua</span> <span class='ocrx_word' id='word_1_14' title='bbox 705 358 867 416; x_wconf 83' lang='lat' dir='ltr'>rebus</span> <span class='ocrx_word' id='word_1_15' title='bbox 884 357 1367 430; x_wconf 71' lang='lat' dir='ltr'>communibu8,ea</span> <span class='ocrx_word' id='word_1_16' title='bbox 1389 365 1603 440; x_wconf 53' lang='grc' dir='ltr'>τιμητή-</span> 
     </span>
     <span class='ocr_line' id='line_1_4' title="bbox 363 441 1604 521; baseline 0.004 -20"><span class='ocrx_word' id='word_1_17' title='bbox 363 461 600 521; x_wconf 61' lang='lat' dir='ltr'>cunque</span> <span class='ocrx_word' id='word_1_18' title='bbox 611 441 778 502; x_wconf 76' lang='lat' dir='ltr'>status</span> <span class='ocrx_word' id='word_1_19' title='bbox 793 441 870 502; x_wconf 88' lang='lat' dir='ltr'>est</span> <span class='ocrx_word' id='word_1_20' title='bbox 884 441 1128 514; x_wconf 82' lang='lat' dir='ltr'>futurus,</span> <span class='ocrx_word' id='word_1_21' title='bbox 1130 457 1342 502; x_wconf 70' lang='lat' dir='ltr'>&#39;carere</span> <span class='ocrx_word' id='word_1_22' title='bbox 1363 465 1499 504; x_wconf 79' lang='lat' dir='ltr'>non</span> <span class='ocrx_word' id='word_1_23' title='bbox 1516 448 1604 506; x_wconf 85' lang='lat' dir='ltr'>de-</span> 
     </span>
     <span class='ocr_line' id='line_1_5' title="bbox 363 527 1602 608; baseline 0.005 -21"><span class='ocrx_word' id='word_1_24' title='bbox 363 528 490 588; x_wconf 75' lang='lat' dir='ltr'>bes.</span> <span class='ocrx_word' id='word_1_25' title='bbox 529 543 696 608; x_wconf 82' lang='lat' dir='ltr'>atque</span> <span class='ocrx_word' id='word_1_26' title='bbox 711 532 845 591; x_wconf 85' lang='lat' dir='ltr'>haec</span> <span class='ocrx_word' id='word_1_27' title='bbox 861 530 996 588; x_wconf 84' lang='lat' dir='ltr'>mihi</span> <span class='ocrx_word' id='word_1_28' title='bbox 1016 527 1273 588; x_wconf 85' lang='lat' dir='ltr'>scribenti</span> <span class='ocrx_word' id='word_1_29' title='bbox 1288 551 1411 590; x_wconf 83' lang='lat' dir='ltr'>ven</span> <span class='ocrx_word' id='word_1_30' title='bbox 1418 534 1602 592; x_wconf 70' lang='lat' dir='ltr'>:ebant</span> 
     </span>
     <span class='ocr_line' id='line_1_6' title="bbox 363 611 1678 700; baseline 0.005 -28"><span class='ocrx_word' id='word_1_31' title='bbox 363 612 432 672; x_wconf 78' lang='lat' dir='ltr'>in</span> <span class='ocrx_word' id='word_1_32' title='bbox 448 630 712 689; x_wconf 85' lang='lat' dir='ltr'><strong>mentem,</strong></span> <span class='ocrx_word' id='word_1_33' title='bbox 741 635 830 674; x_wconf 88' lang='lat' dir='ltr'>me</span> <span class='ocrx_word' id='word_1_34' title='bbox 848 635 975 674; x_wconf 80' lang='lat' dir='ltr'>eum</span> <span class='ocrx_word' id='word_1_35' title='bbox 992 611 1115 686; x_wconf 80' lang='lat' dir='ltr'>effe,</span> <span class='ocrx_word' id='word_1_36' title='bbox 1140 616 1303 692; x_wconf 82' lang='lat' dir='ltr'><strong>cujus</strong></span> <span class='ocrx_word' id='word_1_37' title='bbox 1322 632 1389 676; x_wconf 86' lang='lat' dir='ltr'>tn</span> <span class='ocrx_word' id='word_1_38' title='bbox 1410 617 1678 708; x_wconf 43' lang='lat' dir='ltr'>despue-1</span> 
     </span>
     <span class='ocr_line' id='line_1_7' title="bbox 371 699 1597 785; baseline 0.006 -27"><span class='ocrx_word' id='word_1_39' title='bbox 371 703 646 761; x_wconf 81' lang='lat' dir='ltr'>rationem</span> <span class='ocrx_word' id='word_1_40' title='bbox 656 700 905 762; x_wconf 78' lang='lat' dir='ltr'>accusare</span> <span class='ocrx_word' id='word_1_41' title='bbox 920 699 1113 760; x_wconf 81' lang='lat' dir='ltr'>solitus</span> <span class='ocrx_word' id='word_1_42' title='bbox 1126 700 1287 776; x_wconf 70' lang='lat' dir='ltr'>emes,</span> <span class='ocrx_word' id='word_1_43' title='bbox 1312 723 1597 785; x_wconf 82' lang='lat' dir='ltr'>quemque</span> 
     </span>
     <span class='ocr_line' id='line_1_8' title="bbox 363 789 1593 851; baseline 0.004 -5.172"><span class='ocrx_word' id='word_1_44' title='bbox 363 789 690 848; x_wconf 65' lang='lat' dir='ltr'>auctoritate</span> <span class='ocrx_word' id='word_1_45' title='bbox 718 802 814 847; x_wconf 87' lang='lat' dir='ltr'>tua</span> <span class='ocrx_word' id='word_1_46' title='bbox 855 791 1205 848; x_wconf 70' lang='lat' dir='ltr'>cunctantem</span> <span class='ocrx_word' id='word_1_47' title='bbox 1242 805 1299 847; x_wconf 90' lang='lat' dir='ltr'>et</span> <span class='ocrx_word' id='word_1_48' title='bbox 1330 790 1593 851; x_wconf 74' lang='lat' dir='ltr'>diffiden-</span> 
     </span>
    </p>
   </div>
   <div class='ocr_carea' id='block_1_3' title="bbox 253 871 1592 956">
    <p class='ocr_par' dir='ltr' id='par_1_3' title="bbox 253 871 1592 956">
     <span class='ocr_line' id='line_1_9' title="bbox 253 871 1592 956; baseline 0.013 -36"><span class='ocrx_word' id='word_1_49' title='bbox 253 909 272 920; x_wconf 72' lang='grc'><strong><em>,</em></strong></span> <span class='ocrx_word' id='word_1_50' title='bbox 361 889 483 934; x_wconf 69' lang='lat' dir='ltr'>tem</span> <span class='ocrx_word' id='word_1_51' title='bbox 497 875 760 934; x_wconf 81' lang='lat' dir='ltr'>excitare.</span> <span class='ocrx_word' id='word_1_52' title='bbox 807 894 925 953; x_wconf 89' lang='lat' dir='ltr'>quo</span> <span class='ocrx_word' id='word_1_53' title='bbox 944 871 1167 954; x_wconf 85' lang='lat' dir='ltr'>quidem</span> <span class='ocrx_word' id='word_1_54' title='bbox 1195 890 1461 956; x_wconf 79' lang='lat' dir='ltr'>tempore</span> <span class='ocrx_word' id='word_1_55' title='bbox 1476 899 1592 938; x_wconf 85' lang='lat' dir='ltr'>non</span> 
     </span>
    </p>
   </div>
   <div class='ocr_carea' id='block_1_4' title="bbox 357 955 1589 2596">
    <p class='ocr_par' dir='ltr' id='par_1_4' title="bbox 357 955 1589 2596">
     <span class='ocr_line' id='line_1_10' title="bbox 361 955 1589 1038; baseline 0.003 -18"><span class='ocrx_word' id='word_1_56' title='bbox 361 981 474 1038; x_wconf 80' lang='lat' dir='ltr'>ego</span> <span class='ocrx_word' id='word_1_57' title='bbox 503 955 716 1022; x_wconf 80' lang='lat' dir='ltr'>causam</span> <span class='ocrx_word' id='word_1_58' title='bbox 747 959 1010 1031; x_wconf 84' lang='lat' dir='ltr'>nostram,</span> <span class='ocrx_word' id='word_1_59' title='bbox 1034 959 1123 1019; x_wconf 88' lang='lat' dir='ltr'>sed</span> <span class='ocrx_word' id='word_1_60' title='bbox 1152 959 1504 1023; x_wconf 82' lang='lat' dir='ltr'>confilium</span> <span class='ocrx_word' id='word_1_61' title='bbox 1486 985 1589 1024; x_wconf 76' lang='grc' dir='ltr'>ιω-</span> 
     </span>
     <span class='ocr_line' id='line_1_11' title="bbox 361 1045 1589 1130; baseline 0.002 -22"><span class='ocrx_word' id='word_1_62' title='bbox 361 1049 694 1130; x_wconf 77' lang='lat' dir='ltr'><strong>probabam.</strong></span> <span class='ocrx_word' id='word_1_63' title='bbox 747 1045 867 1108; x_wconf 84' lang='lat' dir='ltr'>sero</span> <span class='ocrx_word' id='word_1_64' title='bbox 897 1049 1047 1106; x_wconf 86' lang='lat' dir='ltr'>enim</span> <span class='ocrx_word' id='word_1_65' title='bbox 1078 1067 1187 1106; x_wconf 74' lang='lat' dir='ltr'>nos</span> <span class='ocrx_word' id='word_1_66' title='bbox 1210 1049 1279 1106; x_wconf 80' lang='lat' dir='ltr'>iis</span> <span class='ocrx_word' id='word_1_67' title='bbox 1302 1053 1481 1109; x_wconf 81' lang='lat' dir='ltr'>armis</span> <span class='ocrx_word' id='word_1_68' title='bbox 1496 1051 1589 1110; x_wconf 86' lang='lat' dir='ltr'>ad-</span> 
     </span>
     <span class='ocr_line' id='line_1_12' title="bbox 363 1132 1587 1213; baseline 0.001 -18"><span class='ocrx_word' id='word_1_69' title='bbox 363 1132 571 1195; x_wconf 77' lang='lat' dir='ltr'>versari</span> <span class='ocrx_word' id='word_1_70' title='bbox 585 1133 860 1207; x_wconf 82' lang='lat' dir='ltr'>videbam,</span> <span class='ocrx_word' id='word_1_71' title='bbox 881 1153 1023 1213; x_wconf 83' lang='lat' dir='ltr'>quae</span> <span class='ocrx_word' id='word_1_72' title='bbox 1036 1133 1216 1193; x_wconf 83' lang='lat' dir='ltr'>multo</span> <span class='ocrx_word' id='word_1_73' title='bbox 1232 1152 1365 1194; x_wconf 82' lang='lat' dir='ltr'>ante</span> <span class='ocrx_word' id='word_1_74' title='bbox 1376 1134 1587 1196; x_wconf 76' lang='lat' dir='ltr'>confir-</span> 
     </span>
     <span class='ocr_line' id='line_1_13' title="bbox 361 1219 1586 1300; baseline 0.003 -20"><span class='ocrx_word' id='word_1_75' title='bbox 361 1236 516 1280; x_wconf 78' lang='lat' dir='ltr'><strong>mata</strong></span> <span class='ocrx_word' id='word_1_76' title='bbox 548 1240 646 1299; x_wconf 86' lang='lat' dir='ltr'>per</span> <span class='ocrx_word' id='word_1_77' title='bbox 676 1219 1041 1300; x_wconf 75' lang='lat' dir='ltr'>nosmetipsos</span> <span class='ocrx_word' id='word_1_78' title='bbox 1070 1236 1259 1280; x_wconf 81' lang='lat' dir='ltr'>erant:</span> <span class='ocrx_word' id='word_1_79' title='bbox 1302 1221 1586 1284; x_wconf 80' lang='lat' dir='ltr'>dolebam-</span> 
     </span>
     <span class='ocr_line' id='line_1_14' title="bbox 367 1305 1585 1388; baseline 0.004 -24"><span class='ocrx_word' id='word_1_80' title='bbox 367 1325 502 1386; x_wconf 84' lang='lat' dir='ltr'>que,</span> <span class='ocrx_word' id='word_1_81' title='bbox 523 1305 722 1386; x_wconf 82' lang='lat' dir='ltr'>piliset</span> <span class='ocrx_word' id='word_1_82' title='bbox 735 1307 953 1384; x_wconf 81' lang='lat' dir='ltr'>gladiis,</span> <span class='ocrx_word' id='word_1_83' title='bbox 978 1327 1093 1366; x_wconf 88' lang='lat' dir='ltr'>non</span> <span class='ocrx_word' id='word_1_84' title='bbox 1110 1305 1375 1382; x_wconf 82' lang='lat' dir='ltr'>confiliis,</span> <span class='ocrx_word' id='word_1_85' title='bbox 1402 1329 1585 1388; x_wconf 79' lang='lat' dir='ltr'>neque</span> 
     </span>
     <span class='ocr_line' id='line_1_15' title="bbox 369 1392 1583 1472; baseline 0.003 -21"><span class='ocrx_word' id='word_1_86' title='bbox 369 1395 786 1452; x_wconf 67' lang='lat' dir='ltr'>austeritatibus</span> <span class='ocrx_word' id='word_1_87' title='bbox 803 1392 1003 1453; x_wconf 81' lang='lat' dir='ltr'>nostris</span> <span class='ocrx_word' id='word_1_88' title='bbox 1018 1392 1222 1470; x_wconf 84' lang='lat' dir='ltr'>dejure</span> <span class='ocrx_word' id='word_1_89' title='bbox 1238 1394 1469 1472; x_wconf 85' lang='lat' dir='ltr'>publico</span> <span class='ocrx_word' id='word_1_90' title='bbox 1482 1395 1583 1455; x_wconf 73' lang='lat' dir='ltr'>dii-&#39;-</span> 
     </span>
     <span class='ocr_line' id='line_1_16' title="bbox 367 1479 1577 1560; baseline 0.002 -22"><span class='ocrx_word' id='word_1_91' title='bbox 367 1481 593 1560; x_wconf 76' lang='lat' dir='ltr'>ceptari.</span> <span class='ocrx_word' id='word_1_92' title='bbox 642 1499 822 1558; x_wconf 87' lang='lat' dir='ltr'>neque</span> <span class='ocrx_word' id='word_1_93' title='bbox 852 1501 957 1558; x_wconf 87' lang='lat' dir='ltr'>ego</span> <span class='ocrx_word' id='word_1_94' title='bbox 988 1500 1074 1553; x_wconf 84' lang='lat' dir='ltr'>ea,</span> <span class='ocrx_word' id='word_1_95' title='bbox 1097 1483 1237 1560; x_wconf 78' lang='lat' dir='ltr'>quae</span> <span class='ocrx_word' id='word_1_96' title='bbox 1256 1480 1399 1539; x_wconf 64' lang='lat' dir='ltr'>fasta</span> <span class='ocrx_word' id='word_1_97' title='bbox 1430 1479 1577 1556; x_wconf 77' lang='lat' dir='ltr'>sunt,</span> 
     </span>
     <span class='ocr_line' id='line_1_17' title="bbox 367 1564 1575 1641; baseline 0.002 -15"><span class='ocrx_word' id='word_1_98' title='bbox 367 1564 488 1626; x_wconf 83' lang='lat' dir='ltr'>fore</span> <span class='ocrx_word' id='word_1_99' title='bbox 503 1587 628 1626; x_wconf 90' lang='lat' dir='ltr'>cum</span> <span class='ocrx_word' id='word_1_100' title='bbox 643 1565 913 1641; x_wconf 82' lang='lat' dir='ltr'>dicebam,</span> <span class='ocrx_word' id='word_1_101' title='bbox 928 1565 1243 1629; x_wconf 84' lang='lat' dir='ltr'>divinabam</span> <span class='ocrx_word' id='word_1_102' title='bbox 1260 1566 1473 1625; x_wconf 77' lang='lat' dir='ltr'>futura:</span> <span class='ocrx_word' id='word_1_103' title='bbox 1492 1567 1575 1628; x_wconf 83' lang='lat' dir='ltr'>sed</span> 
     </span>
     <span class='ocr_line' id='line_1_18' title="bbox 365 1650 1577 1733; baseline 0.002 -21"><span class='ocrx_word' id='word_1_104' title='bbox 365 1653 520 1733; x_wconf 89' lang='lat' dir='ltr'>quod</span> <span class='ocrx_word' id='word_1_105' title='bbox 549 1652 735 1712; x_wconf 86' lang='lat' dir='ltr'>etfieri</span> <span class='ocrx_word' id='word_1_106' title='bbox 757 1651 924 1731; x_wconf 71' lang='lat' dir='ltr'>poste,</span> <span class='ocrx_word' id='word_1_107' title='bbox 958 1669 1014 1712; x_wconf 90' lang='lat' dir='ltr'>et</span> <span class='ocrx_word' id='word_1_108' title='bbox 1042 1650 1336 1711; x_wconf 84' lang='lat' dir='ltr'>exitiosum</span> <span class='ocrx_word' id='word_1_109' title='bbox 1372 1653 1519 1729; x_wconf 86' lang='lat' dir='ltr'>fore,</span> <span class='ocrx_word' id='word_1_110' title='bbox 1538 1653 1577 1714; x_wconf 83' lang='lat' dir='ltr'><strong>fi</strong></span> 
     </span>
     <span class='ocr_line' id='line_1_19' title="bbox 363 1737 1577 1815; baseline 0 -15"><span class='ocrx_word' id='word_1_111' title='bbox 363 1737 644 1815; x_wconf 80' lang='lat' dir='ltr'>eveniffet,</span> <span class='ocrx_word' id='word_1_112' title='bbox 681 1739 967 1812; x_wconf 79' lang='lat' dir='ltr'>videbam3</span> <span class='ocrx_word' id='word_1_113' title='bbox 1008 1737 1065 1797; x_wconf 89' lang='lat' dir='ltr'>id</span> <span class='ocrx_word' id='word_1_114' title='bbox 1089 1759 1163 1797; x_wconf 87' lang='lat' dir='ltr'>ne</span> <span class='ocrx_word' id='word_1_115' title='bbox 1184 1738 1477 1815; x_wconf 80' lang='lat' dir='ltr'>accideret,</span> <span class='ocrx_word' id='word_1_116' title='bbox 1506 1743 1577 1800; x_wconf 87' lang='lat' dir='ltr'>ti-</span> 
     </span>
     <span class='ocr_line' id='line_1_20' title="bbox 363 1817 1573 1904; baseline 0.001 -18"><span class='ocrx_word' id='word_1_117' title='bbox 363 1817 610 1886; x_wconf 63' lang='lat' dir='ltr'>inebam:</span> <span class='ocrx_word' id='word_1_118' title='bbox 635 1824 947 1904; x_wconf 77' lang='lat' dir='ltr'>praesertim</span> <span class='ocrx_word' id='word_1_119' title='bbox 976 1843 1124 1898; x_wconf 87' lang='lat' dir='ltr'>cum,</span> <span class='ocrx_word' id='word_1_120' title='bbox 1147 1823 1185 1884; x_wconf 85' lang='lat' dir='ltr'>fi</span> <span class='ocrx_word' id='word_1_121' title='bbox 1215 1827 1349 1882; x_wconf 80' lang='lat' dir='ltr'>mihi</span> <span class='ocrx_word' id='word_1_122' title='bbox 1374 1824 1573 1886; x_wconf 85' lang='lat' dir='ltr'>alteru·</span> 
     </span>
     <span class='ocr_line' id='line_1_21' title="bbox 362 1912 1568 1992; baseline -0.005 -22"><span class='ocrx_word' id='word_1_123' title='bbox 362 1925 514 1972; x_wconf 86' lang='lat' dir='ltr'><strong>trum</strong></span> <span class='ocrx_word' id='word_1_124' title='bbox 537 1912 606 1970; x_wconf 89' lang='lat' dir='ltr'>de</span> <span class='ocrx_word' id='word_1_125' title='bbox 621 1927 824 1971; x_wconf 84' lang='lat' dir='ltr'>eventu</span> <span class='ocrx_word' id='word_1_126' title='bbox 858 1928 1022 1990; x_wconf 87' lang='lat' dir='ltr'>atque</span> <span class='ocrx_word' id='word_1_127' title='bbox 1052 1912 1209 1969; x_wconf 85' lang='lat' dir='ltr'>exitu</span> <span class='ocrx_word' id='word_1_128' title='bbox 1234 1931 1415 1970; x_wconf 81' lang='lat' dir='ltr'>rerum</span> <span class='ocrx_word' id='word_1_129' title='bbox 1442 1933 1568 1992; x_wconf 84' lang='lat' dir='ltr'><strong>pro.</strong></span> 
     </span>
     <span class='ocr_line' id='line_1_22' title="bbox 359 1995 1569 2074; baseline 0.002 -18"><span class='ocrx_word' id='word_1_130' title='bbox 359 1997 693 2057; x_wconf 83' lang='lat' dir='ltr'>mittendum</span> <span class='ocrx_word' id='word_1_131' title='bbox 718 1995 868 2071; x_wconf 81' lang='lat' dir='ltr'>effet,</span> <span class='ocrx_word' id='word_1_132' title='bbox 898 1998 955 2056; x_wconf 91' lang='lat' dir='ltr'>id</span> <span class='ocrx_word' id='word_1_133' title='bbox 976 1997 1244 2070; x_wconf 83' lang='lat' dir='ltr'>futurum,</span> <span class='ocrx_word' id='word_1_134' title='bbox 1270 1997 1425 2074; x_wconf 86' lang='lat' dir='ltr'>quod</span> <span class='ocrx_word' id='word_1_135' title='bbox 1448 2019 1569 2058; x_wconf 81' lang='lat' dir='ltr'>eve·</span> 
     </span>
     <span class='ocr_line' id='line_1_23' title="bbox 361 2081 1565 2163; baseline 0.002 -21"><span class='ocrx_word' id='word_1_136' title='bbox 361 2083 472 2159; x_wconf 84' lang='lat' dir='ltr'>nit,</span> <span class='ocrx_word' id='word_1_137' title='bbox 496 2084 840 2163; x_wconf 71' lang='lat' dir='ltr'><strong>exploratius</strong></span> <span class='ocrx_word' id='word_1_138' title='bbox 871 2081 1073 2163; x_wconf 83' lang='lat' dir='ltr'>poss&#39;em</span> <span class='ocrx_word' id='word_1_139' title='bbox 1104 2085 1455 2163; x_wconf 81' lang='lat' dir='ltr'>promittere.</span> <span class='ocrx_word' id='word_1_140' title='bbox 1498 2086 1565 2144; x_wconf 76' lang='lat' dir='ltr'>iis</span> 
     </span>
     <span class='ocr_line' id='line_1_24' title="bbox 357 2168 1565 2250; baseline -0.002 -18"><span class='ocrx_word' id='word_1_141' title='bbox 357 2171 510 2232; x_wconf 69' lang='lat' dir='ltr'>,enim</span> <span class='ocrx_word' id='word_1_142' title='bbox 529 2173 686 2229; x_wconf 83' lang='lat' dir='ltr'>rebus</span> <span class='ocrx_word' id='word_1_143' title='bbox 704 2168 1124 2248; x_wconf 67' lang='lat' dir='ltr'>praestabamuS,</span> <span class='ocrx_word' id='word_1_144' title='bbox 1147 2189 1287 2250; x_wconf 74' lang='lat' dir='ltr'>quae</span> <span class='ocrx_word' id='word_1_145' title='bbox 1304 2189 1423 2228; x_wconf 80' lang='lat' dir='ltr'>nen</span> <span class='ocrx_word' id='word_1_146' title='bbox 1438 2191 1565 2250; x_wconf 86' lang='lat' dir='ltr'><strong>pro·</strong></span> 
     </span>
     <span class='ocr_line' id='line_1_25' title="bbox 361 2252 1565 2329; baseline 0.001 -14"><span class='ocrx_word' id='word_1_147' title='bbox 361 2253 536 2316; x_wconf 89' lang='lat' dir='ltr'>deunt</span> <span class='ocrx_word' id='word_1_148' title='bbox 565 2257 625 2314; x_wconf 84' lang='lat' dir='ltr'>in</span> <span class='ocrx_word' id='word_1_149' title='bbox 657 2258 865 2329; x_wconf 81' lang='lat' dir='ltr'>aciem;</span> <span class='ocrx_word' id='word_1_150' title='bbox 896 2252 990 2314; x_wconf 88' lang='lat' dir='ltr'>usu</span> <span class='ocrx_word' id='word_1_151' title='bbox 1018 2270 1199 2315; x_wconf 83' lang='lat' dir='ltr'>autem</span> <span class='ocrx_word' id='word_1_152' title='bbox 1222 2273 1565 2316; x_wconf 81' lang='lat' dir='ltr'>armorumet</span> 
     </span>
     <span class='ocr_line' id='line_1_26' title="bbox 358 2340 1563 2403; baseline 0 -1"><span class='ocrx_word' id='word_1_153' title='bbox 358 2343 596 2402; x_wconf 84' lang='lat' dir='ltr'>militum</span> <span class='ocrx_word' id='word_1_154' title='bbox 630 2343 834 2401; x_wconf 79' lang='lat' dir='ltr'>robore</span> <span class='ocrx_word' id='word_1_155' title='bbox 867 2340 1161 2403; x_wconf 80' lang='lat' dir='ltr'>inferiores</span> <span class='ocrx_word' id='word_1_156' title='bbox 1199 2361 1433 2402; x_wconf 82' lang='lat' dir='ltr'>eramus.</span> <span class='ocrx_word' id='word_1_157' title='bbox 1480 2340 1563 2402; x_wconf 81' lang='lat' dir='ltr'>sed</span> 
     </span>
     <span class='ocr_line' id='line_1_27' title="bbox 359 2425 1557 2507; baseline 0 -19"><span class='ocrx_word' id='word_1_158' title='bbox 359 2431 426 2488; x_wconf 80' lang='lat' dir='ltr'>tu&#39;</span> <span class='ocrx_word' id='word_1_159' title='bbox 452 2425 608 2488; x_wconf 72' lang='lat' dir='ltr'>illum</span> <span class='ocrx_word' id='word_1_160' title='bbox 637 2429 887 2488; x_wconf 81' lang='lat' dir='ltr'>animum</span> <span class='ocrx_word' id='word_1_161' title='bbox 914 2447 1065 2486; x_wconf 85' lang='lat' dir='ltr'>nunc</span> <span class='ocrx_word' id='word_1_162' title='bbox 1094 2426 1312 2502; x_wconf 82' lang='lat' dir='ltr'>adhibe,</span> <span class='ocrx_word' id='word_1_163' title='bbox 1342 2427 1557 2507; x_wconf 84' lang='lat' dir='ltr'>quaeso,</span> 
     </span>
     <span class='ocr_line' id='line_1_28' title="bbox 359 2511 1555 2596; baseline 0.004 -24"><span class='ocrx_word' id='word_1_164' title='bbox 359 2533 475 2596; x_wconf 84' lang='lat' dir='ltr'>quo</span> <span class='ocrx_word' id='word_1_165' title='bbox 489 2535 578 2576; x_wconf 86' lang='lat' dir='ltr'>me</span> <span class='ocrx_word' id='word_1_166' title='bbox 593 2530 711 2576; x_wconf 83' lang='lat' dir='ltr'>tum</span> <span class='ocrx_word' id='word_1_167' title='bbox 725 2512 831 2576; x_wconf 85' lang='lat' dir='ltr'>effe</span> <span class='ocrx_word' id='word_1_168' title='bbox 844 2528 1103 2594; x_wconf 84' lang='lat' dir='ltr'>oportere</span> <span class='ocrx_word' id='word_1_169' title='bbox 1114 2511 1389 2575; x_wconf 75' lang='lat' dir='ltr'>censebas.</span> <span class='ocrx_word' id='word_1_170' title='bbox 1434 2515 1555 2578; x_wconf 78' lang='lat' dir='ltr'>haec</span> 
     </span>
    </p>
   </div>
  </div>
 </body>
</html>
