1700 3059
488 169 816 228 EPIST.
873 185 1149 229 umtv.
1306 185 1430 251 ¹41·

210 291 327 355 qua
338 291 445 351 ego
460 291 551 334 me
564 268 742 352 scripfi
764 271 1126 351 acquiescere,
1149 275 1226 333 ita
1241 275 1424 336 versa·

212 376 333 436 tur,
352 375 419 418 ut
442 358 696 420 excellat.
742 379 776 417 a
796 379 886 418 me
910 379 1046 420 vero
1070 358 1142 420 fic
1157 359 1426 441 diligitur,

214 462 283 506 ut
296 447 399 506 tibi
414 467 513 506 um
494 442 852 519 concedam,
876 463 1153 524 praeterea
1175 450 1422 508 nemini·
1403 493 1427 522 ,

216 535 463 612 mihique
478 534 545 592 ab
556 553 625 592 eo
640 533 816 610 gratia
837 531 1100 593 rescitur:
1125 537 1186 594 in
1205 555 1320 614 quo
1337 534 1428 596 ille

218 618 513 692 existimat,
542 617 695 696 quod
716 614 873 678 facile
895 635 1179 700 appareat,
1199 641 1429 682 cumme

218 705 371 766 colat
382 721 441 766 et
462 703 735 779 observet,
758 705 860 765 tibi
875 725 1102 787 quoque
1114 710 1254 768 ineo
1269 706 1323 768 se
1341 707 1427 770 fi·

220 812 347 854 cete
358 791 731 871 gratissimum.
776 792 920 852 vale.

326 987 399 1027 M.
432 987 495 1026 τ.
527 985 587 1026 c.
623 985 777 1026 sta.
816 985 1144 1028 strm’lcm
1181 989 1233 1030 s-
1266 990 1334 1034 ι).

165 1074 202 1118 ιι
308 1055 541 1132 Accipio
556 1050 966 1112 excusationem
981 1067 1154 1129 tuam,
1177 1075 1287 1134 qua
1299 1058 1426 1122 usus

216 1160 303 1214 es,
326 1161 425 1200 cur
438 1139 647 1218 saepius
678 1137 747 1198 ad
774 1159 865 1199 me
893 1139 1082 1200 literas
1109 1161 1225 1201 uno
1239 1163 1426 1208 exem-

219 1226 319 1308 plo
334 1225 561 1288 dedisses
574 1249 592 1286 ι
613 1224 702 1286 sed
716 1227 1018 1306 accipioex
1031 1248 1100 1288 ea
1110 1244 1436 1312 parte,qua--

220 1327 385 1374 tenus
414 1329 509 1374 aut
542 1312 908 1390 negligentia,
947 1329 1044 1374 aut
1074 1317 1426 1395 improbitate

221 1419 435 1476 eorum,
459 1402 555 1480 qui
570 1399 825 1480 epistolas
840 1401 1138 1480 accipiant,
1161 1401 1278 1464 fieri
1293 1403 1424 1467 scri-

218 1489 329 1562 bis,
352 1507 423 1550 ne
439 1486 508 1547 ad
524 1508 631 1548 nos
647 1485 1012 1566 perferantur.
1055 1486 1202 1548 illam
1216 1507 1434 1570 partem

218 1571 621 1648 excusationis,
674 1593 787 1652 qua
825 1587 882 1632 te
915 1570 1102 1634 scribis
1148 1581 1434 1656 orationis

218 1673 540 1741 paupertate
550 1656 649 1729 (fic
664 1660 812 1718 enim
826 1660 1098 1738 appellas)
1107 1661 1292 1724 iisdem
1305 1685 1430 1726 vet·-

216 1748 305 1808 bis
322 1743 575 1825 epistolas
596 1744 805 1824 saepius
834 1747 1078 1820 mittere,
1101 1767 1204 1809 nec
1228 1750 1424 1828 nosco,

216 1853 325 1894 nec
338 1833 539 1912 probo.
586 1847 643 1892 et
658 1851 763 1911 ego
784 1829 919 1911 ipse,
949 1853 1114 1913 quem
1131 1850 1188 1894 tu
1203 1855 1304 1916 per
1325 1839 1424 1916 jo-

216 1939 345 1980 cum
358 1917 459 1989 (fic
470 1919 619 1980 enim
642 1922 887 2001 accipio)
909 1918 1134 1980 divitias
1149 1925 1428 1986 orationis

217 2009 417 2068 habere
436 2004 597 2081 dicis,
620 2027 709 2066 me
730 2027 854 2068 non
877 2005 980 2066 effe
999 2009 1296 2070 verborum
1325 2011 1424 2071 ad-

217 2099 446 2160 modum
483 2101 711 2178 inopem
746 2093 988 2177 agnosco
1008 2119 1024 2157 ε
1073 2087 1424 2183 eiporev'eoffoq

215 2191 367 2251 enim
397 2211 515 2252 non
546 2190 755 2252 neeess'e
785 2190 892 2253 estz
939 2189 1031 2252 sed
1061 2209 1243 2256 tamen
1273 2195 1432 2258 idem?

215 2282 353 2355 (nec
367 2289 477 2345 hoc
500 2271 920 2366 eipmtvo'flxvoc)
950 2283 1107 2346 facile
1129 2287 1266 2347 cedo
1291 2304 1430 2349 tuo«

214 2397 338 2438 rum
353 2375 681 2462 striptotjum
696 2375 1002 2451 subtilitati,
1027 2393 1084 2436 et
1097 2380 1419 2457 elegantiae

214 2462 499 2525 confilium
517 2479 692 2537 tuum,
717 2483 833 2544 quo
857 2478 926 2524 te·
935 2463 1086 2527 usum
1104 2464 1292 2524 scribis
1307 2469 1422 2526 hoc

212 2551 511 2616 Achaicum
523 2553 805 2632 negotium
822 2569 944 2620 non
953 2543 1422 2632 recusaviffe,cum
