1700 3059
330 121 453 195 {60
538 121 1312 190 AD-FAM1L1Ast

321 238 497 284 trema
512 219 779 302 sapienter
794 217 1039 300 persequi
1059 220 1304 281 nolueris
1322 219 1588 282 aform-

319 308 575 388 na‚quod
592 307 823 368 honesto
837 309 959 366 otio
979 309 1222 380 tenueris
1237 324 1294 367 et
1313 305 1580 388 statum,

318 411 378 474 et
392 395 589 456 samam
604 395 894 473 dignitatis
912 409 1055 454 tuae.
1103 416 1256 456 nunc
1273 415 1422 456 vero
1441 414 1570 458 nec

315 483 477 546 locus
493 484 592 542 tibi
617 481 761 542 ullus
784 479 999 541 dulcior
1021 479 1123 541 effe
1139 479 1300 542 debet
1315 485 1512 564 patriai
1535 505 1558 544 x

318 589 427 630 nec
440 589 561 628 eam
585 569 811 646 diligere
837 571 1026 628 minus
1047 567 1234 646 debes,
1263 569 1424 648 quod
1443 570 1556 630 de-

321 655 559 720 formior
572 654 670 731 est,
692 653 783 715 sed
798 653 1040 716 misereri
1053 657 1267 737 potius,
1291 677 1399 717 nec
1415 677 1556 718 eam

317 743 512 808 multis
532 741 694 802 claris
710 743 846 801 viris
862 743 1353 824 orbatam,privare
1365 745 1552 806 etiam

318 828 533 909 aspeeku
550 844 671 890 tuo.
719 828 982 908 denique,
1016 827 1057 890 fi
1077 828 1184 890 fuit
1206 832 1548 908 magni-ani-

314 918 395 978 mi
426 937 548 977 non
578 914 671 975 iss'e
690 914 986 996 supplicem
1014 918 1245 978 vietoriz
1272 917 1430 993 vide,
1463 939 1546 980 ne

314 1001 537 1084 superbi
565 999 652 1078 fit,
674 1001 948 1084 aspernari
971 1001 1212 1082 ejusdem
1233 1003 1541 1066 liberalita-

316 1106 462 1154 tem:
479 1106 560 1166 et,
574 1087 612 1150 fi
624 1087 883 1171 sapientis
898 1087 972 1150 est
987 1111 1170 1151 carere
1181 1092 1382 1172 pati-ia,
1405 1090 1540 1154 duri

316 1199 442 1242 non
454 1175 780 1238 desiderare:
804 1191 886 1253 et,
907 1175 946 1235 fi
969 1177 1246 1258 republica
1266 1197 1386 1239 non
1402 1175 1538 1258 pol?-

315 1263 387 1326 fis
402 1263 537 1340 frui,
558 1260 780 1325 stultum
808 1263 884 1324 est
909 1263 1062 1324 nolle
1077 1266 1318 1343 privata.
1365 1281 1534 1346 caput

314 1348 393 1416 est
412 1349 575 1426 illud,
599 1365 684 1427 ut,
712 1349 752 1412 fi
780 1348 879 1411 ista
908 1351 1027 1412 vita
1055 1351 1155 1411 tibi
1179 1349 1530 1412 commodior

314 1435 420 1502 effe
448 1435 723 1513 videatur,
750 1435 1107 1517 cogitandum
1135 1453 1321 1501 tamen
1345 1435 1431 1514 fit,
1453 1459 1531 1500 ne

316 1525 494 1604 tutior
523 1545 643 1585 non
674 1523 760 1586 fit.
809 1545 1009 1605 magna
1030 1523 1342 1604 gladiorum
1363 1523 1435 1586 est
1455 1525 1524 1586 li·-

316 1614 532 1676 centiat
560 1610 649 1672 sed
664 1614 723 1676 in
738 1613 988 1673 externis
1003 1609 1143 1674 locis
1159 1615 1348 1674 minor
1359 1613 1528 1676 etiam

314 1698 388 1760 ad
424 1698 639 1762 facinus
670 1697 1020 1762 verecundia.
1079 1701 1214 1758 mihi
1250 1698 1389 1760 salus
1425 1713 1518 1760 tua

316 1801 506 1848 tantae
536 1808 698 1847 curae
725 1785 821 1863 est,
845 1802 910 1846 ut
939 1785 1206 1846 Marcello
1237 1785 1391 1848 fratti
1422 1801 1518 1848 tuo

316 1889 415 1936 aut
442 1893 564 1954 par,
587 1889 683 1932 aut
710 1887 859 1934 certe
887 1873 1174 1950 proximus
1197 1869 1316 1933 fim.
1363 1887 1512 1934 tuum

314 1958 393 2019 est
406 1957 688 2022 consulere
708 1959 1071 2040 temporibue„
1091 1975 1146 2018 et
1169 1958 1511 2021 incolumita-

314 2048 386 2125 ti,
408 2062 466 2106 et
478 2048 647 2123 vitae,
674 2061 731 2105 et
744 2045 990 2106 fortunis
1007 2047 1139 2107 tuis.
1185 2046 1328 2110 vale.

452 2240 528 2281 M.
551 2240 615 2280 τ.
640 2239 699 2280 c.
724 2238 796 2279 M.
828 2237 1214 2280 MARCELLO
1252 2239 1304 2280 S.
1329 2238 1396 2282 n.

400 2305 518 2366 Etfi
531 2305 671 2366 nihil
686 2321 803 2366 erat
819 2307 977 2381 novi,
993 2305 1146 2385 quod
1161 2303 1228 2367 ad
1247 2320 1301 2365 te
1317 2304 1499 2366 scribe·
1531 2335 1577 2370 ιο

312 2415 453 2468 rem,
474 2391 751 2473 magisque
764 2391 950 2451 literas
967 2393 1216 2469 tuasjam
1232 2396 1508 2473 expe-stare.

308 2481 665 2563 incipiebam,
694 2477 783 2566 vel
814 2493 868 2538 te
880 2479 1072 2560 potius
1095 2476 1300 2560 ipsusne
1329 2494 1500 2546 tamen·
