1700 3059
431 185 763 244 EPIST.
813 199 1087 246 umus.
1240 201 1359 264 253

145 281 330 346 filium
361 301 546 342 meum
583 286 840 363 expedies
852 305 871 343 ε
916 279 1231 350 adolescen‘s
1266 281 1367 360 ‘sti

151 373 348 431 omnia
375 371 692 448 excogitare
713 369 805 431 vel
817 397 822 404 ·
836 368 1035 444 studio,
1056 369 1151 431 vel
1166 383 1368 447 aetate,

145 455 250 518 vel
261 471 412 516 metu
427 477 550 516 non
561 454 761 536 potest.
805 472 987 516 toturn
1002 459 1289 536 negotium
1306 473 1371 518 tu
1390 518 1394 522 .

149 541 417 606 sustineas
449 558 702 623 oportet:
725 544 786 604 in
809 559 865 602 te
885 545 1021 604 mihi
1042 545 1229 604 omnis
1242 542 1371 624 spes

151 629 257 692 est.
305 647 388 705 tu,
409 650 514 710 pro
529 643 624 688 tua
644 630 959 710 prudentia,
982 633 1182 710 quibus
1200 633 1367 692 rebus

149 715 418 797 gaudeat,
447 718 648 796 quibus
661 719 910 797 capiatur
926 715 1145 794 Caesar,
1174 732 1364 780 tenest

153 825 192 864 a
209 819 268 864 te
283 805 472 864 omnia
486 803 981 885 proficiscantur,et
994 825 1095 884 per
1108 821 1166 864 te
1181 805 1255 865 ad
1267 809 1369 866 exi

155 893 304 952 itum
334 891 726 972 perducantur,
747 889 954 951 necess'e
982 890 1078 952 est.
1124 892 1269 972 apud
1282 893 1374 974 ip·

157 977 282 1040 sum
295 978 552 1052 multum,
565 978 709 1059 apud
723 978 845 1056 ejus
860 998 1057 1038 omnes
1074 979 1375 1059 plurimum

155 1081 350 1148 potes,
397 1085 570 1124 unum
588 1067 686 1126 tibi
703 1064 742 1124 fi
758 1061 1103 1145 persuaseris,
1128 1087 1247 1126 non
1264 1069 1375 1128 hoc

157 1150 270 1212 effe
295 1155 374 1212 tui
403 1154 672 1226 muneris,
695 1150 734 1212 fi
764 1152 898 1231 quid
924 1168 1165 1230 rogatus‘
1180 1151 1378 1230 fueris,

159 1254 231 1300 ut
245 1239 436 1314 facias,
460 1238 808 1318 (quanquam
825 1238 881 1298 id
898 1260 1158 1316 magnum
1184 1257 1243 1300 et
1257 1260 1376 1300 am-

161 1326 321 1408 plum
336 1325 446 1402 est)
462 1325 550 1384 sed
566 1341 746 1386 totum
763 1341 921 1384 tuum
936 1325 1039 1386 ess'e
1052 1347 1197 1388 onus
1212 1351 1231 1401 3
1250 1347 1378 1408 per-

161 1411 342 1474 ficies.
367 1412 467 1472 nifi
482 1411 628 1473 forte
641 1429 736 1472 aut
751 1415 814 1472 in·
828 1411 1043 1473 miseria
1058 1416 1224 1476 nimis
1248 1413 1380 1474 stul·

163 1513 247 1575 te,
271 1515 364 1560 aut
380 1502 440 1560 in
457 1501 694 1562 amicitia
727 1502 897 1562 nimis
912 1502 1259 1581 impudenter
1276 1501 1383 1562 tibi

165 1604 316 1648 onus
337 1589 593 1670 impono.
643 1587 732 1647 sed
753 1589 975 1666 utrique
998 1591 1075 1648 rei
1106 1586 1379 1650 excusati-

168 1694 338 1734 onem
369 1691 494 1736 tuae
522 1677 672 1734 vitae
701 1671 1040 1734 consuetudo
1070 1675 1184 1735 dat.
1248 1695 1381 1737 nam

169 1761 326 1840 quod
343 1763 420 1820 ita
435 1759 718 1822 consueris
750 1780 854 1838 pro
884 1761 1381 1837 amicis·laborare;

172 1846 295 1907 non'
308 1848 423 1926 jam
439 1847 511 1908 fic
534 1846 755 1926 sperant
776 1848 877 1906 abs
907 1863 985 1921 te,
1008 1845 1098 1908 sed
1128 1851 1294 1909 etiam
1312 1847 1385 1910 fic

169 1935 448 2014 imperant
471 1936 570 1994 tibi
588 1933 902 1994 familiares.
930 1934 1085 2012 quod
1100 1935 1169 1994 ad
1184 1936 1387 1999 librum

171 2023 398 2095 attinet,
420 2041 583 2100 quem
615 2023 716 2080 tibi
746 2019 893 2080 filius
922 2020 1095 2096 dabit,
1120 2039 1250 2102 peto
1274 2043 1307 2082 a
1329 2039 1387 2082 te

171 2127 248 2166 ne
261 2124 448 2182 exeat,
471 2123 564 2168 aut
580 2108 658 2168 ita
679 2108 927 2186 corrigas
932 2148 953 2182 ,
976 2129 1047 2166 ne
1064 2109 1387 2176 mihinoce-

173 2208 253 2254 at.
301 2192 450 2254 vale.

267 2385 340 2428 M·
369 2383 632 2426 emino
659 2387 722 2426 A.
747 2385 1106 2430 catenula
1142 2391 1199 2431 8·
1228 2390 1296 2432 D.
1380 2394 1391 2408 ²

125 2452 155 2500 8-
265 2459 410 2513 Cum
437 2451 564 2512 effet
584 2473 800 2514 mecum
830 2461 1069 2533 Largus,
1100 2461 1273 2518 homo
1304 2457 1397 2518 tui·
1479 2455 1491 2464 ’

173 2537 464 2619 studiosus,
504 2538 768 2686 locutus&
783 2539 1053 2612 kalendas
1090 2544 1387 2622 januarias

818 2647 849 2707 3
