1700 3059
311 203 432 266 192
521 187 650 244 AD
694 185 1291 244 FAMILIARES

309 303 452 359 mas,
475 282 676 364 suscipe
689 303 778 343 me
803 296 987 342 totum
1002 305 1021 344 t
1046 297 1211 364 atque
1234 285 1346 342 hoc
1360 283 1531 364 quid·

307 371 444 449 quid
461 371 536 432 est
550 373 736 430 oneris
761 391 826 430 ac
849 372 1119 444 muneris,
1141 389 1247 450 pro
1260 373 1385 428 mea
1400 370 1527 450 dig·

307 459 486 518 nitate
501 459 600 517 tibi
617 457 881 516 tuendum
894 475 961 515 ac
975 455 1345 516 sustinendum
1360 472 1521 536 puta·-

307 539 412 602 scis
441 563 624 603 meam·
645 543 953 616 fortunam,
990 541 1177 603 nescio
1200 542 1520 622 quomodo,

307 626 464 688 ficile
493 631 887 690 obtreEtatores
918 631 1196 705 invenire,
1234 649 1358 690 non
1390 649 1519 690 meo

305 716 528 792 quidem
558 717 897 776 mehercules
928 719 1131 777 merito
1149 739 1179 776 :-
1194 714 1285 776 sed
1316 719 1519 795 quanti

302 800 360 860 id
375 800 561 878 refert,
571 800 610 862 fi
623 819 807 862 tamen
823 803 937 864 fato
952 802 1135 863 nescio
1152 823 1266 882 quo
1282 802 1515 862 accidit?

306 884 456 966 fiqui
485 888 632 948 forte
653 889 840 964 fuerit,
880 893 976 969 qui
1010 889 1223 950 nostrae
1252 889 1519 966 dignitati

295 973 486 1036 -obeffe
497 976 652 1050 velit,
676 991 806 1056 peto
821 999 854 1035 a
869 992 946 1051 te,
968 993 1031 1036 ut
1048 992 1199 1036 tuam
1216 975 1515 1036 consuetu·

301 1061 490 1124 dinem
507 1079 564 1123 ct
585 1062 965 1122 liberalitatem
986 1066 1046 1123 in
1062 1083 1152 1122 me
1168 1060 1391 1122 absente
1413 1063 1513 1124 de·

231 1225 237 1231 ³
304 1148 584 1220 fendendo
609 1151 743 1209 mihi
767 1149 1020 1228 praestes.
1065 1149 1251 1209 literas
1270 1149 1337 1208 ad
1352 1147 1513 1210 sena.-

301 1250 420 1294 tum
435 1235 502 1294 de
519 1238 680 1295 rebus
697 1235 897 1295 nostris
912 1237 1095 1314 gestiS,
1118 1257 1233 1315 quo
1250 1237 1511 1317 exemplo

297 1320 566 1395 miseram,
587 1322 736 1382 infra·
747 1324 846 1382 tibi
860 1322 1155 1402 perscripfi.
1186 1323 1391 1383 dicitur
1400 1326 1509 1383 mi-

299 1409 356 1466 hi
379 1423 506 1466 tuus
530 1407 714 1468 servus
737 1409 1063 1488 anagnostes
1086 1409 1353 1487 fugitivus
1376 1431 1509 1470 cum

300 1493 567 1556 Vardaeis
583 1495 684 1555 effe
701 1519 716 1555 ε
738 1495 806 1556 de
821 1517 937 1576 quo
957 1511 1017 1555 tu
1032 1498 1163 1554 mihi
1180 1496 1321 1555 nihil
1338 1516 1506 1556 man·

297 1579 458 1643 dastia
484 1603 590 1660 ego
611 1599 796 1642 tamen
829 1599 974 1642 terra
996 1584 1245 1662 marique
1270 1597 1336 1641 ut
1360 1603 1505 1643 con·

297 1671 627 1746 quit-eretur,
643 1670 1032 1750 praemandavi
1047 1692 1065 1728 ε
1089 1684 1145 1727 et
1159 1669 1407 1749 profesto
1424 1671 1499 1728 ti'-

297 1755 354 1814 bi
387 1755 542 1818 illum
573 1759 858 1837 reperiam,
882 1755 984 1816 nifi
1016 1757 1057 1815 fi·
1074 1759 1135 1814 in
1166 1756 1503 1818 Dalmatiam

295 1842 595 1918 aufugerit:
621 1859 674 1902 et
699 1843 828 1904 inde
849 1859 1037 1903 tamen
1060 1842 1357 1923 aliquando
1372 1863 1499 1902 eru-

296 1948 406 1993 am.
455 1944 515 1987 tu
534 1951 640 1990 nos
657 1929 744 1988 fac
763 1951 935 1990 ames·
966 1930 1107 1990 vale.
1140 1951 1195 1991 a.
1212 1929 1272 1990 d.
1290 1951 1349 1991 v.
1367 1928 1501 1992 idus

296 2015 600 2093 Quintiles,
621 2037 692 2076 ex
705 2016 913 2094 castris,
940 2024 1193 2078 Narona.

319 2205 381 2248 ι’.
409 2186 757 2251 vai-xmus}
785 2211 1126 2252 cicssssom
1162 2209 1294 2252 stro
1330 2211 1383 2252 ε.
1408 2210 1482 2254 n.

379 2278 434 2334 Si
449 2276 622 2349 vales„
649 2277 785 2336 bene
803 2275 906 2338 est:
932 2299 1037 2356 ego
1062 2273 1285 2356 quidem
1308 2278 1492 2340 valen.
1524 2291 1577 2326 ¹0

293 2359 361 2420 de
377 2361 646 2440 Dionysio
671 2379 770 2422 tuo
793 2366 969 2424 adhuc
996 2365 1136 2424 nihil
1160 2369 1375 2425 extrico
1394 2387 1413 2424 τ
1436 2381 1495 2428 et

289 2451 584 2523 eominus,
607 2450 759 2527 quod
785 2471 874 2510 me
898 2452 1071 2528 frigus
1092 2451 1492 2528 Dalmaticum,

287 2534 446 2612 quod
459 2535 611 2596 illinc
627 2534 814 2614 ejecit,
833 2540 999 2600 etiam
1012 2541 1103 2620 hic
1118 2537 1491 2618 refrigeravit.

1659 0 1691 243 3

1695 2475 1700 2504 1
