1700 3059
308 237 313 245 ·
404 204 731 261 E-PIST.
784 218 1088 263 mmm.
1217 202 1338 283 289

130 321 303 385 quam
326 300 716 363 oruatissimum
748 298 974 360 domum
1003 299 1334 361 reducerem.

131 390 225 449 sed
241 388 427 469 postea
440 396 607 468 quam
629 402 683 445 et
707 388 950 465 Pompeii
972 389 1338 447 commoratio

128 477 455 537 diuturnior
482 489 620 549 erat,
653 494 816 551 quam
839 488 1113 553 putaram,
1139 489 1194 532 et
1213 492 1339 533 mea

128 559 407 641 quaedam
428 562 527 620 tibi
550 580 671 620 non
702 561 898 637 ignota
926 558 1218 635 dubitatio,
1243 574 1338 619 aut

128 646 401 727 impedire
422 645 815 726 profestionem
838 666 1012 705 meam
1027 646 1338 721 videbatur,

126 752 230 795 aut
246 748 394 795 certe
417 732 653 806 tardare,
678 730 825 807 vide,
848 731 983 810 quid
999 730 1132 791 mihi
1154 730 1336 813 sump-

126 820 318 883 serim.
366 822 524 901 coepi
538 818 701 895 velle,
723 838 786 877 ea
798 819 1122 879 Trebatium
1139 838 1338 900 expec-

126 924 249 969 tare
265 929 298 968 a
314 922 389 983 te,
411 927 551 987 quae
565 902 815 1007 sperasset
841 926 874 963 a
891 925 997 966 me.
1030 926 1210 986 neque
1225 923 1340 965 me·

124 993 353 1057 hercule
367 995 551 1053 minus
566 994 617 1053 ei
639 990 857 1073 prolixe
877 991 946 1053 de
969 1006 1064 1052 tua
1077 992 1340 1053 volunta-

123 1097 185 1141 te
199 1078 615 1162 promifi,quam
629 1099 776 1139 eram
793 1075 984 1139 solitus
999 1078 1068 1140 de
1081 1098 1200 1139 mea
1215 1077 1338 1159 pol·

122 1167 304 1229 liceri.
324 1164 473 1225 casus
489 1186 624 1226 vero
640 1152 905 1226 mirificus
921 1164 1176 1245 quidam
1160 1180 1336 1225 mter·

120 1256 309 1328 venit,
325 1250 477 1333 quafi
490 1252 582 1312 vel
598 1251 745 1312 testis
761 1253 1048 1333 opinionis
1063 1250 1336 1327 meae‚vel

122 1336 365 1421 sponsor
392 1333 750 1399 humanitatis
778 1354 925 1410 tuae‚
974 1360 1103 1399 nam
1126 1359 1250 1399 cum
1265 1338 1336 1397 de

119 1430 237 1487 hoc
260 1424 379 1506 ipso
403 1428 677 1487 Trebatio
706 1446 831 1485 cum
846 1426 1018 1486 Balbo
1036 1425 1226 1485 nostro
1248 1425 1336 1484 lo-

124 1532 331 1593 querer
348 1514 651 1573 accuratius
666 1511 818 1572 domi
836 1534 1008 1589 meae,
1031 1512 1218 1572 literae
1232 1517 1336 1571 mi-

121 1602 187 1660 hi
202 1598 407 1659 dantur
424 1598 546 1675 a'te,
578 1602 777 1679 quibus
808 1600 869 1657 in
891 1600 1154 1658 extremis
1170 1598 1337 1679 scrip·

122 1702 249 1747 tum
264 1692 589 1761 erat‚M.OR
602 1706 633 1745 F
646 1706 663 1743 1
678 1706 717 1745 u
729 1706 801 1760 M,
817 1684 838 1716 ‘
856 1706 1018 1765 quem
1035 1686 1168 1743 mihi
1185 1704 1335 1745 com-

130 1774 155 1807 ‘
173 1771 428 1847 mendas,
448 1770 538 1830 vel
554 1792 733 1849 regem
752 1771 966 1830 Galliae
996 1771 1188 1830 faciam
1195 1790 1222 1845 ,·
1245 1768 1336 1830 vel

119 1858 143 1893 ‘
168 1860 324 1919 hunc
340 1865 546 1937 Leptae
560 1858 768 1935 delega.
818 1856 858 1916 fi
880 1859 967 1916 vis
985 1874 1068 1932 tu,
1089 1858 1156 1915 ad
1171 1878 1258 1920 me
1275 1878 1334 1915 a·

120 1944 143 1979 ‘
168 1944 309 2003 lium
340 1946 519 2019 mitte,
544 1964 708 2024 quem
740 1946 980 2003 ornem.'
1027 1942 1332 2003 sustulimus

119 2050 327 2092 manus
349 2044 406 2090 et
435 2051 536 2107 ego
558 2046 614 2090 et
638 2029 871 2089 Balbus:
919 2046 1074 2089 tanta
1095 2029 1200 2088 fuit
1227 2050 1332 2109 op·

115 2119 463 2199 portunitas,
478 2132 542 2176 ut
555 2114 689 2175 illud
706 2114 891 2175 nescio
911 2116 1060 2196 quod
1077 2137 1196 2176 non
1213 2116 1332 2176 for-

117 2206 349 2281 tuitum,
387 2201 477 2263 sed
514 2201 765 2262 divinum
800 2202 1102 2263 videretur.
1165 2206 1332 2263 mitto

114 2292 294 2368 igitur
321 2289 388 2349 ad
412 2305 467 2348 te
481 2290 830 2363 Trebatium,
855 2305 1018 2370 atque
1049 2292 1128 2349 ita
1143 2286 1341 2364 mitto,-

116 2390 185 2436 ut
204 2377 371 2436 initio
396 2396 517 2437 mea
542 2374 759 2455 sponte,
788 2376 910 2455 post
931 2391 1109 2449 autem
1127 2376 1331 2436 invita-

114 2476 183 2521 tu
212 2477 313 2521 tuo
346 2462 683 2523 mittendum
710 2460 986 2520 duxerim.
1033 2464 1212 2532 hunc,
1251 2460 1332 2517 mi

113 2545 423 2626 Caesar,fic
434 2548 605 2610 velim
620 2548 777 2608 omni
792 2562 890 2605 tua
902 2546 1336 2607 comitate-com·
