1700 3059
395 163 476 243 36
608 163 734 220 AD
777 161 1381 218 FAM1L1ARES

381 260 760 340 reliquerunt:
786 273 863 334 et,
885 256 925 317 fi
955 255 1239 317 accusandi
1263 256 1409 335 sunt,
1430 249 1609 340 fi’qui

383 351 722 429 pertimueru
727 361 815 418 nt;
827 347 1001 422 magis
1016 345 1183 404 etiam
1194 346 1608 424 reprehenden-

389 433 470 510 di,
495 433 533 494 fi
549 431 714 513 quise
728 435 920 492 timere
932 430 1273 491 fimularunt.
1318 431 1457 491 illud
1472 436 1607 512 cpi-

389 521 516 581 dem
546 535 694 580 certe
723 518 971 580 nostrum
1001 515 1287 576 confilium
1317 516 1448 594 jure
1476 518 1607 579 lau-

389 606 634 668 dan'dum
648 605 743 682 est,
767 607 866 685 qui
898 623 1051 664 meos
1068 605 1216 664 cives
1230 619 1289 662 et
1302 625 1335 662 a
1348 625 1439 664 me
1454 626 1607 666 con.

387 693 657 768 strvatos,
679 709 736 752 et
749 695 838 751 me
852 689 1063 750 servare
1072 692 1379 770 cupientes,
1392 687 1607 771 spolia-

383 797 484 842 -tos
507 778 767 855 ducibus‚'
783 776 957 838 servis
970 779 1194 836 armatis
1208 777 1379 855 objici
1392 777 1605 844 nolue-

381 869 523 928 rim·
553 865 921 945 declararique
940 862 1245 938 maluerim,
1269 877 1481 942 quanta
1506 869 1605 926 vis

383 952 489 1012 effe
509 949 803 1033 potuiffet
785 973 847 1010 m
872 947 1135 1011 consensu
1150 951 1447 1027 bonorum,
1471 950 1547 1010 fi
1528 955 1605 1013 iis

382 1061 492 1122 pro
509 1061 596 1098 me
611 1037 783 1098 stante
811 1057 1057 1118 pugnare
1084 1034 1334 1111 licuisset,
1358 1057 1509 1098 cum
1502 1039 1607 1100 ··af

383 1129 592 1187 flifturn
609 1126 850 1184 excitare
866 1120 1187 1204 potuiffent.
1210 1141 1453 1202 quorum
1468 1127 1607 1204 qui-

382 1213 510 1272 dem
541 1213 787 1272 animum
817 1225 879 1270 tu
906 1231 1029 1270 non
1059 1207 1371 1289 perspexisti
1388 1208 1607 1290 solum,

379 1319 511 1360 cum
531 1299 598 1358 de
619 1320 706 1358 me
722 1307 932 1376 ageres,
954 1295 1045 1356 sed
1060 1296 1223 1356 etiam
1236 1294 1606 1375 confirmasti,

381 1400 552 1465 atque
569 1384 804 1446 tenuisti.
852 1403 963 1464 qua
976 1385 1035 1443 in
1049 1380 1229 1460 causa,
1252 1380 1400 1452 (non
1420 1385 1608 1446 modo

386 1493 508 1533 non
541 1473 772 1550 negabo,
795 1468 883 1530 sed
909 1472 1072 1531 etiam
1093 1468 1301 1550 semper
1320 1484 1377 1530 et
1400 1474 1607 1532 merni-

385 1574 604 1635 nero‚et
619 1557 946 1639 praedicabo
962 1557 1225 1633 libenter)
1240 1553 1365 1616 usus
1380 1577 1445 1616 es
1468 1560 1607 1637 qui·

379 1644 613 1708 busdam
630 1641 967 1705 nobiliffimis
982 1643 1324 1717 hominibus,
1340 1642 1608 1705 fortiori-

385 1735 488 1794 bus
511 1735 572 1792 in
598 1753 686 1792 me
711 1729 1063 1805 restituendo,
1094 1749 1257 1808 quam
1278 1729 1509 1790 fuerant
1532 1734 1607 1792 ii-

380 1819 509 1879 dem
532 1821 592 1878 in
610 1817 853 1878 tenendo
869 1840 885 1876 t
912 1837 1023 1896 qua
1037 1819 1097 1875 in
1113 1814 1380 1876 sententia
1394 1816 1437 1876 fi
1453 1839 1607 1878 con-

381 1904 520 1966 stare
533 1903 848 1982 voluiss'ent,
868 1901 1023 1964 suam
1039 1904 1421 1963 auetoritatem
1435 1902 1609 1965 fimul

376 2012 510 2053 cum
525 1989 692 2052 salute
705 2011 827 2051 mea
842 1987 1529 2071 recuperassentsecreatis
1548 2013 1609 2052 e·

373 2078 503 2138 -nim
511 2079 685 2138 bonis
698 2079 836 2138 viris
845 2075 1131 2161 consulatu
1146 2091 1327 2151 tuo‚et
1340 2075 1609 2140 constan-

371 2163 780 2245 .tiffmxis‚atque
793 2165 1024 2243 optimis
1038 2163 1345 2224 aetionibus
1362 2166 1479 2223 tuis
1496 2185 1608 2226 ex·

379 2253 564 2312 citatis
569 2292 591 2326 ,
621 2257 730 2311 Cn.
757 2252 1023 2330 Pompeio
1042 2247 1355 2330 praesertim
1376 2250 1449 2310 ad
1464 2269 1608 2314 onu-

379 2335 492 2398 sam
521 2337 807 2415 adjunsto,
831 2355 957 2397 cum
986 2337 1151 2396 etiam
1183 2333 1401 2411 Caesar,
1427 2340 1605 2400 rebuz

373 2425 638 2483 maximis
667 2423 850 2501 gestis,
894 2420 1251 2501 lingularum
1276 2438 1527 2485 ornatus
1550 2441 1607 2486 et

373 2510 548 2570 novis
563 2510 897 2588 honoribus,
918 2529 981 2570 ac
997 2509 1225 2587 judiciis
1252 2506 1509 2590 senatus,
1534 2512 1604 2573 ad
