1700 3059
399 141 731 212 EPIST.
782 163 932 208 mn.
968 168 1118 214 ur.-
1219 174 1400 242 103.

134 228 375 318 pnlsent,
404 257 497 300 eas
520 243 655 301 mihi
677 243 798 324 post
820 248 1072 314 brumam
1094 255 1346 322 reddide-

133 339 287 387 runt.
336 321 429 388 sed
461 324 597 386 scito
612 344 669 386 et
680 331 862 392 multo
883 336 1068 416 plures
1090 337 1214 419 effe,
1246 347 1346 428 qul

133 409 199 473 de
214 411 444 473 tributis
478 411 746 492 recusent,
777 439 942 499 quam
966 430 1062 504 qui
1085 433 1230 509 exigi
1244 454 1343 493 ve-

130 495 271 570 lint3
306 511 365 556 et
396 519 485 560 me
516 515 723 577 tamen,
755 507 908 584 quod
933 526 985 568 te
1003 514 1140 574 velle
1159 517 1343 580 existi-

128 605 303 660 mem,
330 581 439 646 effe
453 585 743 650 fafturum.
794 593 864 652 de
880 600 1150 677 Appianis
1163 605 1346 666 haete-

128 691 263 730 nus,
309 692 344 730 a
361 671 644 752 Pausania,
666 680 888 740 Lentuli
903 682 1126 764 liberto,
1148 711 1344 754 accen·

126 754 188 819 so
204 777 363 832 meo,
380 759 707 822 audivi-cum
724 763 951 844 diceret,
976 786 1029 831 te
1045 772 1222 836 secum
1239 773 1344 844 effe

120 843 409 924 questum,
438 847 592 926 quod
625 850 723 908 tibi
747 855 972 916 obviam
994 879 1113 922 non
1129 865 1345 942 prodis-

127 929 262 995 sem.
314 929 519 992 scilicet
532 935 833 1016 contempsi
850 956 925 1016 te,
943 964 1046 1005 nec
1061 950 1234 1026 potest
1247 951 1345 1014 fie-

124 1021 173 1080 ri
192 1039 286 1080 me
304 1018 609 1098 quidquam
626 1019 930 1102 superbius.
965 1051 1090 1094 cum
1106 1054 1238 1112 puer
1253 1054 1345 1100 tu·

121 1123 195 1170 us
212 1104 286 1164 ad
302 1125 392 1164 me
406 1105 639 1166 secunda
657 1107 771 1172 fere
794 1114 983 1190 vigilia
1005 1118 1252 1199 veniffit,
1273 1123 1346 1186 ifi-

120 1213 242 1274 que
274 1207 333 1251 te
362 1207 492 1252 ante
522 1192 699 1256 lucem
723 1201 980 1262 Iconium
1001 1206 1135 1266 mihi
1149 1227 1348 1276 ventu-

122 1295 258 1340 rum
298 1279 619 1356 nuntiass'et,
662 1285 1042 1369 incertumque
1079 1309 1202 1354 utra
1227 1301 1346 1376 via,

117 1387 261 1426 tum
277 1360 450 1428 effent
465 1365 633 1428 duaez
653 1369 825 1433 aitera
839 1381 1178 1457 Varronem,
1191 1398 1346 1449 tuum

121 1449 621 1531 familiai-immam,
636 1457 802 1518 altera
820 1469 894 1537 Q
913 1469 1164 1546 Leptam,
1187 1492 1344 1551 prae·-

122 1538 339 1600 'fectum
360 1537 579 1602 fabrfim
598 1563 805 1622 meum,
837 1547 938 1608 tibi
961 1555 1182 1614 obviam
1204 1555 1342 1624 mifi.

128 1624 407 1686 mandavi
436 1630 658 1709 utrique
682 1653 898 1709 eorum,
930 1653 992 1697 ut
1022 1656 1150 1699 ante
1166 1643 1233 1702 ad
1257 1663 1346 1707 me

124 1730 523 1790 excurrerent,
547 1732 609 1776 ut
625 1720 725 1778 tibi
739 1721 966 1782 obviam
980 1724 1204 1803 prodire
1220 1727 1346 1809 pos:-

135 1797 275 1878 sem,
306 1820 533 1861 currens
551 1809 729 1882 Lepta
744 1809 918 1883 venit,
936 1812 1068 1870 mihi
1115 1835 1179 1874 ue
1195 1838 1344 1878 nun-

126 1887 324 1961 tiavit,
350 1901 406 1946 te
424 1887 545 1964 jam
562 1889 729 1950 castra
758 1832 1200 1976 praetergreffum
1217 1902 1341 1966 effe.

134 1971 423 2033 confestim
442 1979 693 2036 Iconium
706 1981 857 2042 veni.
889 1989 1225 2066 caeterajam
1242 1991 1344 2050 tibi

135 2074 280 2119 nota
304 2057 451 2120 sunt.
500 2083 571 2121 an
588 2085 695 2142 ego
710 2067 811 2124 tibi
834 2071 1058 2130 obviam
1073 2095 1190 2133 non
1210 2097 1341 2155 pro-

134 2145 353 2206 ditem?
378 2148 619 2226 primum
636 2154 821 2231 Appio
840 2155 1102 2219 Claudio?
1121 2160 1342 2240 deinde,

138 2234 499 2312 Imperatori?
519 2234 739 2311 deinde,
755 2255 911 2299 more
927 2246 1226 2324 majorum?
1247 2249 1342 2310 de·

128 2317 293 2395 '‘inde,
317 2319 469 2400 quod
494 2337 657 2401 caput
672 2323 768 2399 est,
792 2329 999 2390 amico?
1027 2333 1342 2412 praesertim

136 2427 265 2468 cum
282 2409 341 2465 in
357 2406 459 2466 isto
473 2429 670 2486 genere
685 2411 862 2473 multo
877 2419 1040 2478 etiam
1057 2417 1346 2482 ambitiofi-

136 2511 206 2553 us
238 2491 419 2556 facere
446 2493 671 2574 soleam,
692 2519 859 2580 quam
889 2503 1074 2564 honos
1105 2527 1257 2568 meus
1287 2522 1344 2570 et
