1700 3059
336 189 468 248 252
559 173 688 230 An
729 172 1354 232 FAmxmAREs

329 293 498 357 quem
527 288 687 355 putas
717 272 965 332 animum
986 271 1112 346 essc,
1132 272 1231 330 ubi
1264 268 1453 334 secum
1472 273 1545 334 lo·

329 363 552 446 quitur?
575 363 682 420 hoc
707 360 997 439 probabit·
1014 362 1123 420 hoc
1136 359 1377 418 verbnm
1392 359 1548 442 suspi-

329 449 542 516 ciosum
555 446 663 510 est·
689 445 824 526 quid
837 444 879 506 fi
894 449 1005 506 hoc
1034 460 1226 506 muto.
1212 446 1235 486 θ
1264 460 1327 505 at
1352 467 1551 509 vereor

328 559 404 601 ne
429 537 587 618 pejus
607 533 704 594 fit.
749 554 850 611 age
882 552 1045 608 vere,
1080 531 1249 592 laudo
1283 531 1553 616 aliquem,

328 645 467 688 ιιιιιιι
481 621 730 684 offendo.
717 621 737 662 Ρ
755 641 882 680 cum
896 641 1069 700 pon-o
1084 618 1403 695 offendam,
1422 621 1555 702 quid

331 712 373 775 fi
389 731 509 774 non
527 707 687 772 vult?
710 710 909 769 armati
938 707 1135 784 stylum
1164 665 1553 789 persequitur=

333 799 468 861 vieti
481 814 540 860 et
555 783 808 858 nondum
823 793 1054 854 restituti
1072 795 1210 875 quid
1226 795 1434 858 faciet?
1462 819 1557 858 au·

329 906 429 967 ges
443 885 610 944 etiam
623 899 684 944 tu
701 883 838 943 mihi
852 883 1109 942 timorem
1112 885 1247 961 ‚qui
1264 883 1330 944 in
1348 891 1556 944 Orato-

331 995 394 1034 re
409 989 510 1034 tuo
525 990 688 1032 caves
703 971 804 1030 tibi
817 989 918 1050 per
932 976 1190 1041 Brutum,
1220 987 1279 1030 et
1296 971 1368 1031 ad
1384 993 1557 1034 excu-

267 1127 273 1132 ,
329 1059 603 1122 sationem
617 1057 824 1118 socium
840 1058 1083 1136 quaeris.
1122 1058 1217 1117 ubi
1230 1059 1351 1118 hoc
1364 1061 1557 1120 omni-

332 1169 430 1210 um
446 1162 720 1228 patronus
733 1143 891 1217 facia,
914 1144 1048 1224 quid
1060 1165 1175 1215 me,
1199 1160 1455 1206 veterem
1470 1163 1559 1206 tu·

333 1255 608 1308 nmmum
623 1234 877 1294 omnium
890 1231 1145 1292 clientem
1161 1229 1371 1294 sentire
1384 1253 1561 1314 opor·

333 1322 457 1382 tet?
494 1321 558 1379 in
587 1323 690 1381 hac
709 1321 881 1395 igitur
910 1318 1185 1380 calumnia
1214 1321 1469 1396 thuoris,
1504 1335 1561 1380 et

334 1427 527 1472 caecae
549 1404 869 1487 suspicionis
898 1421 1205 1482 tormento,
1230 1427 1361 1467 cum
1381 1409 1563 1488 pluri-

333 1517 428 1558 ma
449 1493 520 1556 ad
535 1493 700 1556 alieni
715 1491 901 1554 sensus
916 1494 1321 1572 conjecturam,
1345 1515 1475 1554 non
1492 1493 1563 1556 ad

333 1581 489 1644 suum
511 1581 778 1661 judicium
795 1579 1121 1656 scribantur,
1144 1601 1313 1661 quam
1328 1581 1563 1642 difficile

334 1668 404 1731 fit
415 1669 667 1744 evadere,
698 1666 738 1727 fi
767 1669 953 1728 minus
982 1683 1245 1748 expertus
1272 1689 1359 1740 ez,
1396 1667 1563 1748 qnod

335 1772 395 1820 te
417 1755 488 1818 ad
500 1756 691 1818 omnia
705 1753 972 1816 summum
984 1770 1155 1834 atque
1166 1755 1453 1816 excellens
1466 1758 1555 1817 in-

339 1844 568 1924 genium
591 1845 846 1917 armavit,
872 1862 984 1902 nos
1010 1839 1296 1904 sentimus.
1344 1840 1443 1902 sed
1472 1859 1559 1902 ta·

339 1949 473 1992 men
495 1951 602 2009 ego
619 1928 740 1990 filio
763 1929 1033 2002 dixeram,
1061 1929 1265 1990 librum
1287 1931 1391 1990 tibi
1406 1928 1557 2008 lege·

339 2032 449 2093 ret,
473 2031 529 2076 et
542 2015 780 2078 auferret
791 2039 810 2077 ι
833 2031 929 2076 aut
948 2039 1013 2078 ea
1032 2017 1361 2078 conditione
1372 2017 1564 2092 daret,

340 2101 384 2165 fi
399 2105 664 2183 reciperes
681 2119 736 2163 te
749 2109 1119 2166 correcturum
1125 2147 1148 2180 ,
1168 2108 1277 2164 hoc
1292 2102 1391 2180 est,
1404 2100 1447 2162 fi
1464 2119 1555 2164 to·

342 2205 465 2250 tum
489 2188 660 2252 alium
685 2190 913 2252 faceres.
960 2190 1029 2251 de
1060 2188 1301 2251 Afiatico
1330 2191 1561 2267 itinere,

343 2297 664 2359 quanquam
693 2275 903 2338 summa
934 2276 1211 2340 neceffitas
1249 2279 1559 2356 premebat,

343 2380 412 2426 ut
423 2362 718 2445 imperasti,
737 2363 868 2426 feci.
888 2382 941 2425 te
956 2383 1061 2445 pro
1075 2383 1165 2424 me
1179 2361 1315 2443 quid
1328 2364 1555 2423 horter?

343 2450 502 2512 viden
523 2465 738 2532 tempus
766 2450 990 2526 veniss'e‚
1020 2469 1136 2529 quo
1165 2447 1374 2510 neceffe
1400 2448 1467 2509 fit
1488 2448 1559 2509 de

343 2537 518 2603 nebia
527 2535 804 2600 constitui.
826 2536 971 2600 nihil
982 2534 1159 2617 est‚mi
1174 2534 1559 2619 cicero,quod
