1700 3059
305 189 478 238 '200
567 178 690 234 An
735 135 1345 232 FAMILIARES

346 273 594 360 cellentis
617 274 883 355 ancipites
904 272 1157 349 variique
1176 268 1333 331 casus
1356 271 1603 334 habent

344 361 794 435 admirationem,
837 359 1275 438 expectationem
1292 399 1311 432 ,
1346 356 1595 423 ,laetiti-

347 437 948 524 am,molestiam‚spem‚
958 447 1233 504 timorem.
1252 442 1292 502 fi
1306 463 1460 504 vero
1476 465 1592 504 ex·

347 538 431 594 itu
448 533 680 595 notabili
703 530 1141 606 concluduntur,
1162 529 1427 611 expletur
1446 534 1589 591 ani-

345 643 468 683 mus
481 619 864 698 jucundissirna
873 617 1123 676 lefflonis
1132 615 1225 676 vol
1232 631 1585 697 uptate.quo

345 710 482 768 mihi
501 707 761 767 acciderit
789 703 1062 784 optatius„
1084 702 1125 762 fi
1141 705 1199 762 in
1216 705 1319 764 hac
1335 700 1581 782 senten-

347 795 426 853 tia
447 792 582 853 fueri
591 815 637 868 s,
673 806 736 851 ut
759 812 790 850 a
811 791 1231 852 continentibus
1252 790 1364 850 tuis
1386 789 1579 873 scrip-
1630 846 1634 847 ff

345 883 445 954 tis,
467 882 524 938 in
543 881 745 959 quibus
761 892 1079 957 perpetuam
1094 893 1275 936 rerum
1288 875 1574 954 gestarum

345 965 622 1028 historiam
662 963 1070 1044 complecteris,
1115 961 1363 1023 secernas
1402 965 1565 1026 hanc

347 1053 498 1134 quali
514 1052 750 1114 fabulam
766 1069 947 1110 rerum
970 1065 1407 1131 eventorumque
1422 1045 1567 1111 n‘ofi-

347 1157 584 1200 trorum.
632 1141 794 1198 habet
821 1138 969 1210 enim
1000 1140 1187 1196 varios
1212 1141 1387 1215 ειᾶιιε,
1407 1137 1563 1210 mul-

350 1227 538 1306 tasque
571 1227 815 1286 ae'tiones
856 1239 913 1284 et
950 1223 1297 1284 confiliorum
1330 1240 1385 1284 et
1412 1239 1555 1285 tem-

344 1333 564 1394 porum.
607 1334 670 1372 ac
701 1333 821 1371 non
849 1331 1069 1386 vereor,
1100 1331 1175 1369 ne
1196 1309 1557 1371 allentatiun·

350 1399 474 1459 cula
491 1398 728 1478 quadam
761 1399 1020 1477 aucupari
1044 1414 1195 1456 tuam
1216 1399 1448 1475 gmtiam
1464 1401 1557 1458 vi·

345 1486 494 1560 dear,
519 1507 642 1545 cum
657 1488 766 1545 hoc
796 1483 1183 1558 demonstrem,
1214 1503 1303 1544 me
1323 1505 1355 1542 a
1372 1500 1424 1544 te
1445 1505 1555 1566 po-

345 1572 600 1632 tiffimum
622 1575 836 1645 ornari,
860 1571 1227 1650 celebrarique
1242 1569 1404 1632 velle.
1448 1593 1551 1631 ne-

345 1680 455 1740 que
485 1661 630 1720 enim
661 1675 722 1718 tu
745 1661 794 1717 is
823 1679 907 1732 es,
948 1659 1066 1736 qui,
1091 1657 1224 1738 quid
1254 1655 1345 1733 fia,
1378 1657 1547 1719 nesci-

345 1768 406 1806 as
423 1769 439 1819 ;
465 1763 520 1806 et
536 1749 767 1826 quinon
783 1766 881 1804 eos
904 1745 1101 1821 magiS,
1132 1745 1229 1823 qui
1244 1760 1299 1803 te
1314 1765 1432 1804 non
1447 1745 1546 1805 ad-

344 1835 645 1907 mirentur,
683 1832 931 1906 invidos„
962 1850 1124 1909 quam
1163 1850 1260 1889 eos
1298 1833 1397 1910 qui
1428 1832 1546 1892 lau·

343 1919 498 1993 dent,
524 1919 875 1978 assentatores
906 1919 1189 1976 arbitrere.
1244 1937 1421 1997 neque
1448 1939 1545 1978 au·
1600 1973 1605 1976 .
1695 1997 1696 2006 ἵ

341 2021 454 2066 tem
471 2027 573 2082 ego
590 2004 704 2064 sum
729 2007 806 2063 ita
819 2005 1069 2080 demens„
1092 2019 1151 2062 ut
1166 2024 1254 2062 me
1270 2003 1543 2084 sempiter-

207 2157 212 2160 ,
343 2112 448 2150 nae
463 2091 668 2170 gloriae
684 2112 778 2171 per
801 2112 927 2150 eum
960 2090 1336 2150 commendari
1356 2092 1538 2168 velim,

247 2205 250 2208 ⁴
343 2179 440 2256 qui
457 2199 574 2237 non
591 2177 701 2256 ipse
719 2197 944 2256 quoque
966 2179 1023 2236 in
1042 2198 1129 2236 me
1152 2177 1565 2238 commendam-

344 2265 420 2324 d=o
438 2266 718 2342 propriam
748 2265 955 2340 ingenii
986 2263 1219 2340 gloriam
1238 2263 1539 2343 consequa·

345 2364 456 2408 tur.
503 2370 683 2426 neque
711 2352 859 2408 eni-m
886 2349 1197 2408 Alexander
1219 2349 1310 2407 ille
1339 2351 1541 2426 gratiae

341 2432 501 2492 causa
527 2437 598 2492 ab
629 2433 823 2512 Apelle
855 2433 1181 2512 potissimum
1213 2436 1389 2512 pingi,
1421 2449 1477 2495 et
1502 2457 1559 2496 a·

343 2517 585 2600 Lyfippo
612 2519 750 2598 vfingi
771 2519 1023 2582 volebat:
1046 2517 1139 2580 sed
1150 2519 1311 2601 quod
1322 2521 1537 2584 illorum
