1700 3059
435 145 761 202 EPIST.
812 161 1063 204 Luhv.
1230 163 1351 228 199

141 245 450 309 multorum
465 244 526 301 in
543 261 651 302 nos
667 239 947 323 perfidiam
951 243 1195 319 ‚infidias
1199 291 1218 322 ,
1230 269 1364 328 pro-

145 333 423 395 ditionem
453 331 700 390 notabiS.
746 330 979 390 multam
1009 334 1176 392 etiam
1208 333 1359 397 casus

145 419 327 483 nostri
349 419 454 477 tibi
478 417 797 477 varietatem
825 420 885 476 in
918 414 1207 480 scribendo
1236 419 1363 504 sup-

149 503 724 591 peditabunt,plenam
739 502 1017 583 cujusdam
1032 507 1369 589 voluptatis,

151 610 304 676 quae
330 595 684 653 vehementer
725 593 945 650 animos
975 593 1263 654 hominum
1302 599 1366 658 in

159 680 400 760 legendo
428 673 631 759 scripto
653 680 889 736 retinere
912 679 1090 757 possit.
1138 681 1277 740 nihil
1292 682 1368 746 est

155 773 316 830 enim
354 768 534 847 aptius
565 763 636 826 ad
672 763 1087 825 delestationem
1125 767 1371 849 luituris,

157 877 333 938 quarn
351 869 663 932 temporum
677 852 965 910 varietates
970 895 989 926 ,
1012 850 1375 936 fortunaeque

145 941 592 1004 'viciffitudinese
620 958 760 1018 quae
785 936 881 997 etss
911 941 1076 998 nobis
1100 944 1373 1022 optabiles

159 1034 232 1092 in
257 1025 600 1110 experiendo
631 1046 749 1084 non
774 1023 1021 1102 fixerunt,
1057 1027 1119 1086 in
1143 1027 1381 1106 legendo

165 1133 361 1178 tamen
378 1111 849 1191 eruntjucundae.
882 1114 1048 1172 habet
1062 1115 1210 1174 enim
1226 1137 1383 1197 prae-

172 1205 326 1265 teriti
341 1201 555 1262 doloris
570 1199 754 1260 secura
770 1200 1083 1260 recordatio
1105 1201 1382 1264 delestati·

165 1309 368 1354 onem.
381 1291 608 1348 caeteris
622 1308 756 1346 vero
773 1285 926 1346 nulla
941 1287 1237 1369 perfunffis
1250 1311 1384 1372 pro·

176 1381 302 1464 pria
331 1373 596 1449 molestia,
634 1372 788 1434 casus
811 1387 992 1434 autem
1024 1376 1235 1436 alienos
1274 1373 1387 1440 fine

178 1464 304 1526 ullo
321 1463 515 1524 dolore
528 1463 873 1521 intuentibus
878 1505 898 1538 ‚
921 1464 1083 1522 etiam
1100 1462 1211 1543 ipsa
1228 1464 1393 1525 mise-

180 1551 427 1614 ricordia
439 1547 514 1608 est
523 1548 786 1627 jucunda.
804 1567 971 1627 quem
984 1551 1132 1608 enim
1148 1550 1395 1613 nostrfim

173 1640 282 1702 ille
313 1638 560 1698 moriens
599 1635 746 1715 apud
784 1637 1132 1695 Mantineam
1169 1641 1393 1717 Epami·

185 1724 414 1789 nondas
455 1744 572 1784 non
611 1743 738 1782 cum
777 1721 1009 1801 quadam
1050 1722 1399 1785 miseratione

183 1811 460 1874 delcetat?
492 1810 590 1891 qui
619 1825 738 1868 tum
761 1808 999 1890 denique
1010 1808 1107 1868 fibi
1129 1811 1288 1871 avelli
1304 1814 1399 1891 ju·

177 1902 293 1961 ‘bet-
303 1897 590 1979 spiculum,
621 1893 803 1976 postea
817 1915 981 1974 quam
998 1899 1049 1956 ei
1066 1915 1402 1977 percontan-

191 1990 243 2047 ti
257 1985 461 2046 dietum
475 1982 570 2058 est,
585 1983 837 2063 clypeum
854 1979 955 2042 effe
972 1980 1177 2043 salvum
1191 2007 1209 2044 t
1235 2001 1320 2059 ut,
1344 2007 1403 2045 e-

193 2076 336 2134 tiam
366 2074 426 2130 in
455 2070 703 2132 vulneris
739 2069 955 2143 dolore,
1002 2090 1180 2150 aequo
1216 2073 1404 2132 animo

195 2180 331 2221 cum
352 2156 512 2218 laude
539 2172 865 2216 moreretur.
911 2156 1067 2234 eujus
1092 2155 1321 2217 studium
1344 2161 1407 2218 in

185 2244 440 2324 ‘legendo
464 2264 582 2303 non
613 2247 848 2302 ereetum
874 2241 1257 2302 Themistoclis
1282 2244 1409 2321 fuga

203 2331 496 2411 redituque
529 2329 834 2388 retinetur?
884 2332 1088 2388 etenim
1118 2329 1262 2390 ordo
1299 2327 1411 2410 ipse

205 2417 490 2480 annalium
521 2415 869 2475 mediocriter
888 2433 995 2474 nos
1019 2417 1241 2490 retinet,
1265 2413 1414 2494 quast

191 2505 628 2567 <enumeratione
646 2501 927 2563 fastorum.
955 2518 1015 2562 at
1030 2504 1135 2563 viri
1151 2500 1300 2585 saepe
1316 2517 1420 2566 ex!
