1700 3059
339 188 421 248 52
509 132 676 231 'AD
719 176 1033 233 FAMIL
1075 178 1105 233 1
1141 174 1388 233 AREs

331 275 411 353 pi.
443 294 613 355 qnare
626 274 666 335 fi
679 276 905 355 iniquus
921 296 981 337 es
998 278 1058 335 in
1074 274 1369 379 rue-iudex,
1394 296 1549 338 con-

331 358 606 421 demnabo
634 362 828 423 eodem
849 383 955 441 ego
978 379 1033 421 te
1053 364 1319 424 crimine.
1348 361 1434 423 fin
1450 382 1547 423 me

329 445 389 505 id
402 444 580 506 facere
599 448 782 525 noles,
801 462 860 507 te
873 452 1007 509 mihi
1024 470 1257 529 aequum
1273 451 1547 531 praebere

329 530 567 593 debebis.
614 531 705 593 sed
727 534 794 594 de
817 534 991 595 literis
1012 539 1303 595 hactenus·
1336 556 1457 594 non
1476 556 1541 595 e-

329 619 450 677 nim
463 639 659 679 vereor
672 641 744 679 ne
758 642 879 681 non
888 619 1178 683 scribendo
1187 638 1241 680 te
1256 621 1538 703 expleam·

325 702 639 785 praesertim
662 702 733 765 fi
716 728 777 765 m
791 727 863 767 eo
884 727 1083 786 genere
1099 706 1330 767 studium
1348 728 1541 769 meum

327 808 449 849 non
473 789 841 870 aspernabere.
890 814 997 872 ego
1019 809 1077 868 te
1087 792 1305 853 abfidme
1322 793 1541 855 tamdiu

324 894 358 935 a
379 876 543 935 nobis
566 892 622 936 et
643 876 830 953 doleo,
848 879 1019 959 *quod
1044 882 1196 940 carui
1215 878 1399 939 fruZtu
1432 881 1536 957 ju-

325 961 670 1021 cundiffimae
684 963 1095 1045 consuetudinis
1111 981 1314 1025 tuaezet
1330 966 1537 1043 laetor,

325 1047 479 1128 quod
495 1048 684 1109 absens
696 1052 883 1111 omnia
900 1072 1024 1111 cum
1038 1055 1279 1111 maxima
1292 1050 1538 1129 dignita-

321 1148 380 1193 te
409 1155 468 1193 es
496 1134 849 1196 consecutus:
884 1139 1187 1223 quodque
1172 1160 1232 1197 m
1269 1140 1539 1198 omnibus

322 1220 436 1279 tuis
459 1220 646 1297 rebus„
667 1225 803 1282 meis
821 1226 1049 1311 optatis
1046 1223 1276 1286 fortuna
1294 1222 1536 1327 respon·

323 1306 425 1366 dit.
487 1308 652 1367 breve
679 1306 753 1367 est
783 1310 937 1389 quod
968 1331 1055 1370 me
1086 1312 1187 1370 tibi
1218 1312 1537 1410 praecipere

323 1410 477 1451 meus
493 1394 857 1455 incredibilis
842 1418 903 1455 m
920 1412 973 1456 te
988 1417 1143 1457 arnor
1158 1398 1343 1473 cogit·
1370 1390 1537 1457 tanti

321 1476 398 1537 est
413 1482 718 1560 expectatio
741 1482 826 1541 vel
839 1484 1047 1559 animi,
1078 1482 1198 1543 vel
1184 1484 1395 1562 ingenii
1417 1485 1531 1558 tui,

318 1578 383 1621 ut
397 1586 499 1643 ego
516 1581 570 1624 te
591 1565 869 1628 obsecrare
887 1566 1256 1649 obtestarique
1280 1590 1399 1647 non
1427 1570 1549 1629 du·-

319 1650 489 1711 b1tem
493 1695 513 1728 ‚
541 1648 614 1711 fic
626 1651 693 1714 ad
717 1674 824 1714 nos
841 1654 1219 1715 conformatus
1236 1670 1536 1733 revertare,

319 1752 385 1795 ut
424 1756 588 1817 quam
625 1744 1061 1820 expectationem
1097 1743 1180 1801 tui
1218 1742 1532 1820 conestasti,

321 1823 466 1882 hanc
481 1822 736 1885 sustinere
757 1848 820 1887 ac
843 1830 984 1887 tueri
1007 1828 1192 1908 postis·
1236 1841 1295 1886 et
1318 1831 1531 1906 quoni-

319 1926 408 1965 am
424 1928 596 1967 meam
609 1925 829 1972 tuorum
845 1934 973 1991 erga
982 1934 1069 1973 me
1079 1915 1399 1973 meritorum
1416 1935 1533 1973 me-

317 2010 442 2051 mor
450 2014 556 2052 mm
572 1995 682 2055 ulla
699 2020 982 2077 nunquam
999 2000 1197 2059 delebit
1209 1994 1444 2073 oblivio,
1472 2016 1534 2059 te

317 2096 483 2154 rogo,
505 2094 568 2138 ut
583 2086 916 2159 memineris,
944 2100 1400 2165 quantaecunque
1416 2088 1524 2146 tibi

317 2164 635 2225 accessiones
667 2168 802 2228 fient
825 2185 882 2229 et
903 2171 1181 2246 fortunae,
1212 2185 1267 2230 et
1282 2171 1529 2251 diguita-

314 2248 409 2324 tis,
431 2269 522 2309 eas
541 2267 596 2311 te
608 2274 727 2313 non
744 2256 978 2335 potuisse
993 2256 1276 2337 consequi,
1292 2255 1390 2314 nifi
1406 2275 1545 2315 me-·

315 2336 366 2395 is
389 2356 524 2416 puer
544 2338 678 2398 olim
707 2340 1011 2401 fidelissimis
1035 2357 1201 2423 atque
1230 2343 1529 2401 amantissi·

235 2426 252 2432 ’
313 2431 422 2488 mis
439 2427 676 2488 confiliis
693 2426 977 2507 pamiffes.
1022 2449 1191 2508 quare
1206 2432 1314 2488 hoc
1330 2430 1527 2489 animo

317 2515 380 2575 in
409 2532 516 2575 nos
539 2513 641 2577 effe
669 2512 913 2591 debebis,
942 2530 1007 2575 ut
1028 2529 1177 2575 aetas
1198 2511 1429 2575 nostra
1398 2534 1525 2595 jam
