1700 3059
373 177 708 238 EPIST.
761 189 907 234 ιιι.
952 194 1033 236 11.
1232 175 1311 256 83

97 280 151 344 le
165 295 376 356 autem,
409 299 538 342 cum
557 277 628 340 ad
644 282 952 342 Thermum
966 279 1037 342 de
1058 281 1317 346 Parthico

97 369 254 430 bello
280 367 560 442 scriberet,
589 363 660 426 ad
687 366 1005 428 meliteram
1028 387 1317 448 nunquam

95 453 272 516 mifit:
296 455 369 519 ad
393 474 556 534 quem
577 451 917 532 intelligebat
930 455 1055 533 ejus
1074 455 1203 516 belli
1219 475 1317 537 pe·

95 542 336 603 ticulum
371 542 663 621 pertinere.
713 556 927 600 tantum
958 541 1027 601 de
1048 558 1315 620 auguratu

93 625 194 689 filii
213 627 300 692 sui
321 625 532 708 scripsit
545 625 614 688 ad
635 647 756 686 mer
777 629 840 686 in
856 647 977 708 quo
986 649 1093 707 ego
1108 627 1314 692 miseri-

92 715 295 776 cordia
323 729 664 788 commotus,
688 729 744 772 et
772 714 927 794 quod
948 713 1157 794 semper
1173 718 1315 776 ami-

89 801 338 866 eiffimus
363 791 564 863 Bibulo
595 799 700 876 fui,
731 799 859 862 dedi
882 821 1127 882 operam,
1164 818 1230 862 ut
1258 805 1313 864 ei

93 910 270 970 quam
283 886 663 950 humaniffime
677 883 985 949 scriberem.
1019 888 1107 948 ille
1128 887 1169 950 fi
1190 909 1313 950 om·

101 979 274 1040 nibus
287 974 366 1036 est
380 973 706 1048 malevolus,
721 970 907 1053 (quod
920 995 1204 1056 nunquam
1218 995 1317 1038 ex-

93 1063 365 1139 istimavi)
395 1062 582 1122 minus
599 1059 859 1120 offendor
889 1064 947 1120 in
970 1083 1089 1122 me:
1112 1060 1193 1124 fin
1214 1084 1315 1124 au-

95 1166 208 1212 tem
223 1171 257 1210 a
273 1169 363 1208 me
378 1146 452 1208 est
475 1147 729 1224 alienior,
747 1147 885 1208 nihil
902 1149 1003 1208 tibi
1023 1169 1173 1208 meae
1186 1148 1313 1210 lite·

99 1258 186 1296 rae
199 1235 538 1316 proderunt.
571 1255 702 1296 nam
715 1235 786 1296 ad
801 1233 1047 1296 senatum
1062 1257 1201 1316 quas
1218 1238 1314 1296 Bi·

97 1323 258 1384 bulas
273 1323 466 1382 literas
481 1319 647 1397 milit,
671 1323 730 1382 in
745 1323 838 1396 iis,
862 1323 1015 1401 quod
1031 1324 1165 1384 mihi
1180 1343 1313 1384 cum

97 1409 194 1470 1110
210 1425 334 1472 erat
357 1428 675 1484 commune,
695 1407 793 1470 fibi
823 1405 925 1472 soli
947 1411 1199 1472 attribuit
1213 1433 1231 1470 ε
1256 1407 1313 1470 fe

99 1499 176 1558 ait
189 1495 426 1571 carane,
453 1510 516 1556 ut
539 1515 664 1558 cum
687 1495 909 1578 quaestu
930 1495 1121 1576 populi
1142 1515 1313 1577 pecu·

92 1587 192 1644 nia
206 1597 634 1666 permutaretur.
681 1583 836 1661 quod
849 1599 1032 1648 autem
1054 1603 1237 1646 meum
1250 1603 1311 1642 e-

97 1687 183 1732 rat
199 1671 514 1752 proprium,
538 1685 602 1728 ut
616 1669 796 1734 alariis
813 1669 1229 1750 Transpadanis
1244 1690 1309 1729 u·
1414 1669 1425 1676 ’

95 1761 142 1818 ti
169 1775 456 1835 negarem,
477 1755 535 1815 id
563 1758 728 1818 etiam
758 1757 969 1837 populo
990 1755 1043 1816 st
1066 1754 1315 1819 remififfie

100 1842 306 1904 scribit.
357 1842 514 1923 quod
541 1863 676 1903 vero
700 1843 848 1906 illius
878 1859 997 1906 erat
1026 1841 1215 1920 solim,
1252 1841 1313 1906 id

103 1947 317 1992 mecum
335 1932 739 1992 communicati
765 1930 784 1961 ‘
807 1933 1083 2010 equitibus
1106 1931 1311 1992 auxili-

106 2017 125 2050 ‘
145 2021 301 2093 ariis„
316 2019 522 2096 inquit,
539 2035 664 2077 eum
681 2017 915 2097 amplius
929 2017 1191 2078 frumenti
1207 2039 1311 2099 po-

105 2102 124 2136 ‘
144 2103 512 2164 stularemu8.’
557 2102 692 2162 illud
706 2124 840 2164 vero
858 2103 1031 2184 pusilli
1046 2107 1239 2181 animi,
1254 2121 1311 2167 et

104 2189 213 2270 ipsa
250 2189 644 2250 malevolentia
683 2192 863 2267 jejuni
900 2207 1063 2270 atque
1097 2194 1307 2266 inanis„

26 2351 31 2356 Ι
102 2276 258 2357 quod
290 2279 726 2336 Ariobarzanem
741 2321 761 2352 ,
807 2279 939 2356 quia
965 2278 1181 2338 senatus
1212 2299 1311 2357 per

103 2385 187 2422 me
203 2384 391 2442 regem
416 2363 735 2442 appellavit,
761 2365 1006 2444 mihique
1028 2385 1311 2426 commen-

103 2449 283 2524 davit,
305 2449 400 2510 iste
423 2454 482 2510 in
499 2449 674 2510 literis
691 2450 810 2512 non
832 2473 1036 2529 regem,
1061 2450 1147 2509 sed
1166 2452 1311 2527 regis

105 2538 506 2608 Ariobarzanis
520 2535 689 2608 filium
707 2539 963 2618 appellat.
997 2542 1105 2599 hoc
1122 2539 1313 2598 animo

651 2629 699 2684 E
746 2643 781 2688 -2
