1700 3059
367 184 456 247 60
588 184 716 241 AD
756 182 1361 251 FAMILIARES

359 281 652 361 dignitatis
669 277 1016 358 adjunxeris,
1034 295 1099 340 ut
1114 270 1353 343 eundem
1372 297 1435 343 te
1452 282 1603 347 faei-

368 370 420 430 le
437 365 726 445 agnoscam
741 364 895 425 fuiffe
915 366 975 424 in
990 366 1153 426 laude
1176 389 1321 443 mea,
1346 374 1451 448 qui
1469 370 1605 431 fue-

371 458 448 516 ris
464 457 523 513 in
541 452 727 513 salute.
753 472 881 529 ego,
892 453 953 511 ni
970 466 1023 512 te
1038 452 1225 513 videre
1238 452 1603 531 scirem,cum

363 541 442 601 ad
467 556 520 599 te
536 542 668 599 haec
683 536 993 613 scriberem,
1017 554 1289 618 quantum
1306 541 1483 601 officii
1498 542 1597 603 su·

363 626 646 700 stinerem,
683 640 1026 705 quantopere
1054 626 1191 685 mihi
1222 626 1353 687 efflet
1382 629 1451 687 in
1482 632 1599 689 hac

367 715 639 796 petitione
661 709 899 770 Milonis
928 712 1085 769 omni
1106 732 1227 772 non
1250 711 1428 773 modo
1444 734 1597 775 con·-

371 801 648 873 tentione,
684 794 776 857 sed
806 798 970 855 etiam
1001 795 1362 860 dimicatione
1392 798 1598 861 elabo-

369 884 631 959 randum,
653 882 811 961 plura
824 880 1135 944 scriberem.
1168 906 1325 947 nunc
1341 886 1444 947 tibi
1462 908 1599 948 om·

365 992 501 1033 nem
533 990 646 1029 rem
673 984 840 1048 atque
876 967 1114 1048 caulam,
1160 991 1361 1051 meque
1399 987 1599 1037 totum

371 1054 704 1121 commendo
735 1071 901 1134 atque
929 1054 1113 1117 trado.
1158 1079 1335 1119 unum
1370 1060 1485 1120 hoc
1516 1060 1600 1123 fic

370 1148 603 1207 habeto:
631 1140 673 1201 fi
693 1162 728 1200 a
750 1157 803 1201 te
828 1144 971 1213 hanc
998 1162 1113 1201 rem
1136 1144 1464 1225 impetrato,
1494 1168 1601 1207 me

373 1252 516 1314 pene
528 1228 652 1312 plus
667 1228 791 1304 tibi,
818 1247 989 1307 quaxn
1003 1226 1102 1309 ipli
1118 1230 1346 1306 Miloni,
1368 1230 1599 1292 debitu-

375 1339 521 1380 rum.
567 1336 688 1375 non
703 1316 853 1375 enim
866 1316 1004 1373 mihi
1027 1330 1138 1375 tam
1152 1337 1275 1377 mea
1298 1318 1445 1378 fflus
1460 1340 1601 1381 cara

374 1405 567 1480 fuit,in
583 1423 692 1483 qua
705 1402 991 1483 praecipue
1005 1398 1121 1461 sum
1138 1404 1207 1461 ab
1222 1404 1321 1465 illo
1336 1402 1601 1484 adjutus,

379 1511 546 1573 quam
561 1491 737 1571 pietas
767 1490 875 1546 erit
895 1489 955 1545 in
976 1486 1263 1551 referenda
1274 1492 1480 1568 gratia,
1494 1492 1599 1569 ju·

377 1576 582 1640 cunda.
628 1594 747 1635 eam
775 1572 958 1633 autem
988 1576 1155 1634 unius
1188 1578 1273 1635 tui
1293 1576 1475 1638 studio
1502 1597 1605 1639 me

365 1656 586 1746 'assequi
605 1658 755 1743 poffe
775 1658 1023 1723 confido.
1069 1661 1213 1723 vale.

387 1859 462 1901 Μ.
501 1858 565 1898 τ.
596 1856 654 1897 ο.
691 1852 1118 1897 PnocoNsuL
1150 1855 1211 1897 c.
1250 1856 1531 1900 cumon
1548 1860 1603 1916 1,

588 1942 910 1983 nummo
939 1941 1214 1998 nnius,
1241 1944 1298 1985 s.
1321 1943 1389 1985 D.

433 2086 437 2090 Δ
471 2018 599 2071 Sera
619 2009 913 2089 gratulatio
940 2008 1266 2091 reprehendi
1288 2030 1408 2069 non
1432 2007 1603 2088 solet,
1625 2035 1651 2081 7

386 2096 698 2182 praesertim
725 2094 764 2155 fi
800 2094 953 2155 nulla
981 2096 1319 2173 negligentia
1347 2112 1605 2175 praeter-

387 2182 542 2247 miffa
555 2182 651 2244 est.
675 2182 843 2261 longe
857 2181 1007 2241 enim
1022 2179 1209 2241 absum
1222 2204 1237 2240 ε
1264 2180 1430 2241 audio
1446 2180 1602 2245 sero·

388 2270 481 2331 sed
510 2271 612 2329 tibi
639 2284 697 2328 et
723 2266 997 2345 gratulor,
1025 2281 1104 2342 et,
1136 2282 1199 2326 ut
1233 2265 1606 2346 sempiternae

388 2354 540 2416 laudi
555 2356 656 2414 tibi
679 2350 742 2413 fit
761 2352 857 2412 iste
876 2354 1187 2412 tribunatus
1192 2394 1215 2428 ,
1238 2368 1485 2433 exopto:
1514 2368 1604 2413 te·

390 2460 501 2520 que
517 2442 737 2513 hortor,
759 2452 824 2497 ut
835 2438 1027 2497 omnia
1046 2440 1319 2515 gubernet
1332 2453 1391 2497 et
1403 2438 1605 2499 mode·

389 2540 512 2585 rere
535 2521 826 2607 prudentia
846 2536 975 2597 tua3
1001 2542 1075 2585 ne
1104 2538 1159 2586 te
1176 2521 1435 2587 auferant
1456 2524 1604 2589 alio-
