1700 3059
340 177 459 238 128
550 178 675 234 AD
719 171 1320 232 FAMILIARES

324 296 465 356 gans
481 263 794 352 diligenter,
818 287 876 330 te
903 270 1100 329 leviter
1118 265 1382 330 accusans
1401 269 1472 328 in
1495 279 1578 332 eo

321 361 481 445 quod
496 361 565 421 de
578 380 667 420 me
680 361 795 418 cito
818 353 1128 416 credidiffes
1143 377 1162 415 ε
1185 354 1341 435 quod
1361 375 1572 433 genus

326 448 575 530 querelae
596 447 729 504 mihi
745 443 970 523 quidem
980 441 1267 502 videbatur
1281 439 1392 501 effe
1407 443 1570 503 ami-

326 540 402 598 ci.
436 533 513 594 fin
532 535 631 593 tibi
648 531 918 612 displicet,
935 549 1054 588 non
1069 541 1193 588 utar
1205 547 1276 588 eo
1289 526 1562 608 posthac.

326 621 419 686 fied
434 621 497 696 fi,
520 635 583 680 ut
614 619 827 691 scribis,
848 636 945 676 eae
965 614 1154 674 literae
1175 633 1298 674 non
1311 613 1562 676 fuerunt

326 706 580 780 disertae,
603 704 741 765 seito
770 723 919 763 meas
942 722 1064 761 non
1086 699 1261 761 fuifl'e·
1307 703 1558 764 utenim

324 793 673 860 Aristarchus
690 791 922 850 Homeri
939 785 1150 848 versum
1167 800 1353 866 negat,
1371 809 1558 868 quem

326 902 449 944 non
472 880 703 960 proban
729 875 799 936 fic
814 891 876 935 tu
891 873 1056 945 (libet
1071 875 1218 934 enim
1233 875 1368 934 mihi
1380 877 1556 954 joca·

322 970 409 1044 ti)
440 965 591 1046 quod
616 962 873 1024 disertum
905 981 1023 1020 non
1057 962 1185 1034 erit,
1221 981 1297 1020 ne
1325 964 1552 1042 putaris

322 1073 535 1117 meum.
567 1051 712 1126 vale,
734 1065 790 1109 et
804 1052 866 1108 in
883 1045 1131 1124 censura,
1153 1045 1320 1125 fijam
1335 1069 1396 1109 es
1413 1069 1554 1110 cen-

325 1140 444 1216 sor,
460 1138 553 1212 (ut
566 1136 751 1219 spero)
765 1135 833 1196 de
848 1155 1061 1213 proavo
1077 1134 1314 1196 multum
1325 1129 1552 1216 cogitass

326 1241 395 1290 to
408 1241 533 1288 tuo-
1525 1231 1538 1242 ·

402 1419 476 1462 Μ.
507 1418 571 1459 τ.
602 1418 659 1458 ο.
698 1418 904 1459 nmo
945 1417 1278 1459 puteano
1321 1418 1373 1459 s.
1405 1417 1472 1458 D.

418 1482 754 1546 Gratu'labor
769 1487 870 1545 tibi
887 1489 1062 1566 priuS,
1073 1484 1180 1556 (ita
1194 1487 1341 1545 enim
1357 1497 1539 1546 re‘rum
1572 1512 1624 1550 12

324 1572 477 1635 ordo
505 1570 770 1653 postulat)
793 1571 995 1632 deinde
1017 1572 1084 1632 ad
1109 1593 1196 1631 me
1219 1587 1535 1632 convertar.

324 1681 441 1740 ,ego
454 1679 591 1721 vero
606 1661 962 1720 vehementer
976 1658 1226 1736 gratulor
1238 1657 1308 1718 de
1323 1658 1536 1736 judicio

332 1749 572 1810 ambitus
584 1769 603 1806 ε
624 1761 802 1825 neque
814 1744 898 1818 id,
915 1745 1070 1825 quod
1085 1747 1299 1804 nemini
1313 1743 1534 1806 dubium

333 1835 464 1908 fuit,
494 1831 802 1892 absolutum
832 1830 934 1890 esse
963 1846 1049 1890 te:
1082 1829 1172 1892 sed
1195 1830 1352 1906 illud,
1382 1830 1532 1911 quod

332 1939 451 1999 quo
480 1917 675 1978 melior
702 1919 866 1989 civis,
907 1938 1020 1997 quo
1042 1920 1138 2000 *vir
1166 1917 1384 1993 clarior,
1417 1938 1530 1998 quo

333 2007 539 2066 fortior
554 2005 763 2063 amicus
780 2023 862 2078 ea,
887 2025 1112 2084 quoque
1131 2004 1290 2084 plura
1312 2007 1526 2065 virtutis

328 2106 391 2150 et
404 2088 697 2150 industriae
712 2106 1040 2150 ornamenta
1056 2094 1116 2150 in
1131 2106 1187 2149 te
1203 2089 1258 2149 su
1266 2093 1524 2165 nt,eomi-

334 2177 565 2260 randum
586 2173 662 2234 est
692 2178 890 2253 magis„
913 2177 1124 2237 nullam
1141 2197 1213 2235 ne
1235 2179 1296 2235 in
1313 2177 1524 2237 tabellae

327 2263 558 2344 ‚quidem
578 2261 786 2321 latebra
808 2261 960 2322 fuisse
975 2262 1349 2324 absconditam
1369 2263 1522 2322 male·

331 2349 658 2423 volentiam,
692 2367 830 2428 quae
861 2365 918 2407 te
943 2351 1266 2431 impugnare
1293 2349 1516 2412 auderet.

332 2457 459 2498 non
486 2440 686 2497 horum
708 2450 1042 2516 temporum,
1060 2457 1184 2498 >non
1211 2439 1405 2496 horum
1421 2437 1516 2496 ho·
1637 2457 1642 2462 ·

330 2524 571 2603 minum,
592 2535 761 2602 atque
789 2541 1010 2586 morum
1037 2523 1356 2604 negotium
1391 2522 1516 2586 nihss
