1700 3059
410 159 779 227 'Ens'lz
832 180 975 225 ιη.
1004 183 1066 224 v.
1239 165 1360 228 181

200 371 266 430 Q
292 369 669 417 Μετειιυε
702 369 861 414 NEP.
893 372 965 414 M.
989 371 1053 413 τ.
1079 370 1138 414 c.
1165 371 1216 415 ε.
1241 371 1312 414 n.

86 471 119 516 3
244 440 511 500 Hominis
527 439 968 522 importunissimi
982 439 1366 510 contumeliae,

152 529 364 608 quibus
398 527 603 586 crebris
625 528 994 587 concionibus
1022 547 1112 587 me
1143 540 1364 601 onerat,

152 617 273 675 tuis
304 634 435 691 erga
462 633 551 672 me
588 613 786 673 officiis
825 612 1147 676 leniuntur:
1195 628 1274 689 et,
1303 627 1369 672 ut

152 703 288 762 sunt
307 699 457 760 leves
474 703 542 760 ab
557 698 825 777 ejusmodi
849 701 1099 777 homine,
1130 721 1162 759 a
1175 719 1263 760 me
1277 699 1370 760 de·

154 787 494 870 spiciuntur:
535 787 877 865 libenterque
893 801 1230 847 commutata
1247 807 1373 864 per·

153 875 321 950 sona,
344 889 399 932 te
428 877 564 934 mihi
594 873 781 932 fratris
803 872 934 933 loco
955 872 1058 934 eise
1087 872 1251 933 duco.
1299 871 1370 934 de

160 962 264 1024 isso
293 981 365 1022 ne
387 958 684 1020 meminisse
715 958 936 1040 quidem
965 959 1125 1036 volo,
1161 957 1374 1022 tametsi

160 1051 249 1110 bis
266 1067 389 1108 eum
405 1048 645 1108 invitum
670 1046 905 1106 servavi.
951 1045 1021 1106 de
1034 1047 1170 1106 meis
1187 1050 1372 1124 rebus,
1387 1071 1402 1088 ⁴

162 1158 239 1199 ne
254 1137 416 1196 vobis
431 1133 785 1196 multitudine
799 1132 1081 1192 literatum
1099 1131 1375 1195 molestior

162 1223 347 1299 essem,
371 1221 439 1281 ad
458 1219 699 1280 Lollium
724 1217 1033 1300 perscripfi=
1054 1218 1126 1279 de
1141 1221 1375 1282 rationi-

162 1312 269 1371 bus
294 1310 640 1387 provinciae,
678 1305 810 1387 quid
840 1304 1039 1365 vellem
1067 1305 1204 1382 fieri,
1229 1322 1296 1366 ut
1323 1308 1374 1368 is

162 1417 275 1458 vos
290 1395 533 1471 doceret,
548 1411 603 1454 et
617 1391 1133 1455 commonefaceret.
1161 1391 1201 1453 fi
1215 1410 1376 1473 pote-

166 1485 271 1558 ris,
285 1482 451 1542 velim
466 1481 746 1563 pristinam
761 1496 913 1539 tuam
929 1499 1057 1560 erga
1071 1501 1159 1541 me
1173 1480 1377 1542 volun·

164 1584 339 1630 tatem
361 1566 674 1629 conserves.
721 1567 866 1628 vale.

222 1762 300 1802 M.
332 1761 389 1802 e.
421 1760 484 1818 Q
518 1759 856 1800 Miz-Tuto
884 1745 1150 1802 th'orx
1187 1759 1334 1802 cos.

713 1848 737 1888 s
749 1871 764 1886 .
798 1847 836 1886 n
850 1871 866 1888 .
1365 1871 1370 1876 -

116 1931 151 1975 4
262 1916 481 1974 Literae
512 1921 587 1990 Q.
619 1911 827 1988 fratris,
858 1929 915 1973 et
944 1921 1030 1974 T.
1061 1916 1382 1995 Pomponii,

172 2000 453 2064 necessarii
485 2003 616 2075 mei,
648 2015 866 2058 tantum
890 1999 998 2080 spei
1013 2000 1296 2075 dederant,
1321 2017 1386 2061 nt

173 2092 236 2148 in
254 2102 307 2147 te
325 2109 441 2147 non
459 2090 645 2146 minus
661 2084 876 2160 auxilii,
893 2107 1056 2166 quam
1073 2089 1130 2144 in
1149 2103 1248 2148 tuo
1265 2087 1382 2146 co}-

172 2173 319 2251 lega,
340 2176 472 2233 mihi
490 2173 845 2234 constitutum
875 2171 1061 2233 fuerit.
1106 2174 1292 2252 itaque
1315 2172 1385 2234 ad

174 2277 233 2322 te
247 2262 431 2320 literas
462 2255 805 2356 statirUnifiz
832 2279 931 2336 per
947 2281 1105 2338 quas,
1128 2275 1192 2317 ut
1205 2259 1386 2320 fortu-

180 2369 255 2407 na
270 2346 592 2428 postulabat‚
614 2359 669 2404 et
684 2346 888 2422 gratias
904 2348 1003 2405 tibi
1018 2348 1126 2424 egi,
1150 2361 1205 2404 et
1222 2345 1290 2404 de
1306 2365 1388 2405 re·

178 2434 337 2512 liquo
352 2449 600 2513 tempore
622 2429 888 2490 auxilium
905 2435 1055 2512 petii.
1088 2430 1387 2512 posteami·

180 2522 239 2580 hi
254 2539 375 2579 non
390 2533 505 2580 tam
520 2538 769 2581 meorum
784 2516 1166 2600 literae‚quam
1181 2513 1390 2578 sermo·

727 2610 841 2683 13
