1700 3059
392 144 725 204 EPIST.
776 161 923 204 ιη.
960 161 1074 206 ιιι.
1217 163 1334 226 129

62 243 239 325 {am
262 241 373 304 sum
388 243 597 324 pridem
612 241 914 302 admiratus
929 244 1126 322 magis,
1166 245 1234 305 de
1247 267 1337 308 me

80 348 333 406 autem,
356 327 563 408 suscipe
590 327 860 410 paulisper
883 350 1030 390 meas
1053 345 1261 411 parter,
1282 349 1340 394 et

78 439 255 478 eum
284 433 342 477 te
362 415 467 477 effe
489 416 659 493 finge,
688 419 783 494 qui
805 414 924 476 sum
951 437 1086 496 ego:
1115 415 1155 477 fi
1177 417 1338 480 facile

82 505 408 566 inveneris
424 501 581 583 quod
598 501 894 576 dicasmoii
911 501 1192 582 ignoscere
1207 507 1336 566 hae·

78 589 367 651 litationi
384 609 557 649 meae.
576 608 681 666 ego
694 608 829 649 vero
845 590 1014 650 velim
1030 593 1334 666 mihi‚‘ru1-

84 679 335 756 liaeque
354 695 510 737 meae
530 673 699 744 (ficut
720 690 781 734 tu
801 677 1108 736 amiciffime
1133 695 1190 738 et
1211 676 1332 742 sua·

80 761 327 825 vissime
357 766 555 844 optas)
578 758 831 842 prospere
846 765 1066 824 evenire
1079 784 1166 840 ea,
1191 785 1336 846 quae

82 871 199 911 me
214 848 489 911 insciente
502 847 645 908 faeta
666 845 793 908 sunt
806 870 839 908 a
853 851 991 909 meis
1005 871 1022 908 ε
1047 847 1136 912 sed
1151 854 1230 912 ita
1243 873 1333 914 ce-

82 935 325 1012 cidiffe,
366 951 433 995 ut
462 949 757 1012 agerentur
784 956 854 994 eo
889 952 1154 1017 tempore,
1175 932 1332 1020 spero

80 1025 361 1084 omnino
391 1041 519 1082 cum
548 1021 733 1100 aliqua
759 1021 1044 1096 felicitate,
1079 1038 1137 1082 et
1165 1041 1328 1105 opto.

84 1127 489 1170 veruntamen
504 1105 629 1188 plus
645 1128 734 1166 me
748 1109 809 1166 in
824 1111 928 1168 hac
943 1107 1058 1189 spe,
1081 1124 1178 1170 tua
1189 1108 1332 1192 sapi.

82 1199 267 1258 entia
282 1213 339 1255 et
354 1195 670 1254 humanitas
686 1193 1027 1272 consolatur,
1043 1217 1207 1279 quam
1219 1219 1330 1279 op-

92 1283 439 1365 portunitas
470 1282 757 1362 temporis.
820 1283 1028 1362 itaque,
1064 1285 1328 1364 quemad·

92 1370 351 1432 modum
379 1368 663 1448 expediam
683 1369 895 1428 exitum
923 1371 1090 1448 hujus
1110 1370 1333 1434 institu-

98 1471 199 1518 tae
213 1457 519 1530 orationis,
541 1476 661 1515 non
685 1457 922 1534 reperio.
966 1477 1148 1538 neque
1175 1461 1328 1522 enim

100 1543 326 1605 tristius
348 1541 527 1602 dicere
548 1542 849 1623 quidquam
876 1542 1052 1604 debeo
1073 1565 1136 1606 ea
1157 1545 1228 1606 de
1243 1565 1327 1622 re,

94 1651 286 1712 quam
302 1646 367 1689 tu
382 1625 493 1709 ipse
508 1631 787 1690 ominibus
801 1632 1029 1709 optimis
1040 1629 1331 1711 proseque-

96 1722 213 1780 ris.
264 1737 450 1796 neque
478 1737 599 1775 non
628 1736 720 1775 me
750 1731 938 1776 tamen
965 1718 1185 1777 mordet
1221 1718 1328 1778 ali-

104 1804 251 1886 quid
266 1827 287 1864 :
312 1804 373 1862 in
390 1823 505 1883 quo
528 1823 701 1862 unum
722 1822 943 1878 vereor,
965 1823 1036 1862 ne
1049 1819 1110 1863 tu
1128 1825 1326 1885 parum

106 1889 408 1973 perspicias
430 1910 517 1966 ea,
536 1910 678 1969 quae
690 1887 835 1966 gesta
848 1887 977 1964 fint‚
1001 1892 1068 1952 ab
1084 1892 1202 1954 aliis
1217 1891 1326 1954 esse

112 1978 280 2058 gesta,
304 1977 501 2058 quibus
515 1995 621 2054 ego
634 1977 711 2036 ita
724 1975 1066 2054 mandaram,
1087 1994 1172 2056 ut,
1193 2001 1324 2042 cum

114 2081 233 2126 tam
248 2065 417 2142 longe
439 2062 723 2122 abfuturus
746 2061 930 2137 estem,
952 2063 1018 2123 ad
1041 2086 1215 2127 mene
1229 2087 1322 2126 re·

117 2152 352 2224 ferrent;
386 2165 637 2226 agerent,
678 2148 829 2227 quod
857 2149 1190 2229 probassent.
1252 2153 1320 2233 in
1411 2207 1417 2218 ,

120 2241 228 2298 hoc
240 2253 421 2296 autem
444 2236 578 2294 mihi
595 2235 729 2294 illud
744 2238 1017 2296 occurrit:
1042 2239 1176 2315 quid
1193 2241 1319 2299 tu'i·

122 2321 321 2402 gitur,fi
338 2320 598 2381 affuiffes?
617 2343 734 2381 rem
750 2321 1072 2402 probassem.
1091 2324 1163 2384 de
1175 2340 1318 2386 tem·

123 2431 273 2490 pore,
296 2407 433 2470 nihil
465 2423 519 2468 te
548 2409 754 2484 invito,
778 2409 920 2468 nihil
949 2407 1062 2468 fine
1084 2409 1316 2472 confilio

15 2513 16 2516 ’
58 2503 69 2510 “
124 2495 327 2578 egissem
342 2513 463 2558 tuo.
492 2493 647 2556 vides
662 2493 850 2560 sudare
867 2516 977 2573 me,
993 2495 1318 2574 jamdudum
