1700 3059
426 163 753 222 EPIST.
807 177 950 220 ιη.
987 177 1158 221 viu.
1251 177 1368 241 337

156 280 271 343 pus
290 257 442 336 effet,
466 258 882 338 affequeremur,
913 259 1374 341 periculosamque

158 362 229 407 et
264 365 489 423 gravem
518 345 669 405 illam
700 345 1114 406 dimicationem
1143 348 1378 418 evitare&

158 451 318 506 mua,
348 431 487 490 nihil
510 447 621 490 tam
638 429 765 490 esset
786 431 1114 510 optandum.
1159 452 1312 491 nunc
1333 429 1374 492 fi

159 519 406 578 Parthus
422 531 613 576 movet
632 516 860 594 aliquid,
894 514 1004 575 scio
1019 537 1139 575 non
1161 517 1370 576 medio·

158 621 316 662 crem
329 599 449 661 fore
463 603 907 663 contentionem.
939 616 1069 660 tuus
1086 621 1255 683 porro
1271 622 1370 661 ex·

156 687 369 746 ercitus
406 690 508 746 vix
542 706 715 746 unum
760 685 956 746 saltum
991 689 1136 746 tueri
1169 685 1366 765 potest.

157 775 312 831 hanc
334 788 515 832 autem
548 791 715 832 nemo
750 770 906 832 ducit
934 773 1237 832 rationem·
1273 770 1366 832 sed

159 857 361 933 omnia
373 855 743 917 desiderantur
759 859 827 916 ab
848 877 942 931 eo,
973 854 1266 935 (tanquam
1281 859 1374 940 ni-

157 941 245 1002 hil
258 941 589 1019 denegatum
600 941 666 1002 fit
679 945 752 1017 ei,
768 962 884 1021 quo
899 943 1083 1002 minus
1101 963 1264 1020 quam
1278 963 1376 1022 pa-

156 1026 451 1087 ratissimus
463 1026 619 1104 effet)
632 1029 728 1106 qui
748 1027 966 1108 publico
977 1030 1206 1106 negotio
1220 1048 1375 1107 prae-

162 1113 377 1192 pofitus
396 1112 489 1172 est.
536 1113 742 1172 accedit
763 1115 893 1186 hue,
925 1113 1076 1190 quod
1100 1111 1374 1172 successio·

163 1217 299 1257 nem
317 1196 554 1256 futuram
576 1213 805 1282 propter
824 1197 1130 1256 Galliarum
1143 1213 1374 1257 contro-

161 1281 394 1342 ven-fiam
412 1303 529 1342 non
546 1283 730 1342 video.
776 1281 984 1341 tametfi
999 1286 1100 1341 hac
1116 1282 1183 1341 de
1199 1303 1256 1340 re
1273 1303 1372 1360 pu-

160 1383 229 1426 to
246 1383 301 1426 te
314 1366 693 1441 constitutum,
716 1368 852 1445 quid
863 1366 1102 1426 facturus
1120 1365 1246 1424 effes
1254 1370 1372 1441 ,-ha

159 1455 293 1522 bere
308 1474 323 1512 ι
350 1468 560 1527 tamen,
581 1472 695 1531 quo
712 1454 978 1512 maturius
993 1450 1372 1526 constituereS,

160 1559 293 1597 cum
318 1540 465 1596 hunc
488 1553 748 1598 eventum
785 1537 1168 1616 providebam,
1198 1537 1374 1596 visum

158 1621 237 1682 est
268 1639 331 1681 ut
352 1638 409 1682 te
430 1621 663 1681 facerem
695 1624 1004 1680 certiorem.
1053 1621 1194 1680 nosti
1223 1624 1374 1682 enim

160 1710 299 1766 haec
330 1707 623 1766 tralatitia:
670 1706 737 1765 de
760 1707 954 1764 Galliis
977 1705 1362 1765 constituetur:

162 1794 273 1851 crit
292 1794 389 1872 qui
410 1791 741 1856 intercedat:
774 1791 974 1858 deinde
997 1791 1134 1850 alius
1157 1791 1369 1866 existet,

164 1879 287 1956 qui,
324 1874 423 1936 nifi
459 1875 629 1935 libere
660 1875 823 1936 liceat
861 1873 929 1935 de
951 1879 1208 1935 omnibus
1240 1897 1372 1955 pro·

163 1963 369 2020 vinciis
383 1961 673 2020 decernere
693 1959 924 2034 senatui,
948 1961 1185 2039 reliquas
1201 1963 1374 2040 impc-

166 2044 301 2120 diat.
351 2045 423 2106 fic
444 2047 677 2104 multum
711 2068 774 2105 ac
797 2046 892 2104 diu
923 2045 1172 2118 ludensi-3
1206 2061 1374 2124 atque

163 2133 246 2192 ita
262 2132 447 2206 diu‚ut
464 2131 589 2210 plus
606 2133 729 2190 bien
737 2133 888 2200 nium
904 2132 962 2188 in
979 2131 1065 2188 his
1081 2131 1234 2192 tricis
1249 2152 1384 2191 mo··

165 2233 337 2290 retur.
386 2215 425 2274 fi
444 2216 578 2295 quid
596 2218 733 2276 novi
748 2216 815 2275 de
833 2214 1109 2296 republica
1131 2218 1286 2295 qu9d
1304 2219 1373 2274 ti·

164 2304 224 2361 bi
260 2300 545 2360 scriberem
582 2303 859 2375 haberem,
901 2299 1027 2360 usus
1057 2299 1218 2360 essem
1255 2321 1377 2362 mea

169 2383 587 2460 consuetudine,
618 2401 683 2445 ut
696 2386 1006 2464 diligenter,
1035 2401 1091 2444 et
1113 2383 1250 2464 quid
1283 2406 1375 2446 ac·

170 2487 287 2533 tum
302 2469 455 2550 effer,
484 2486 540 2532 et
562 2469 701 2553 qnid
730 2491 803 2532 ex
822 2491 894 2532 eo
917 2470 1164 2532 futurum
1193 2468 1376 2551 spera-
