1700 3059
380 157 496 213 ΕΡ
522 158 605 213 18
629 157 711 211 T.
758 170 903 213 nn.
931 168 1103 211 vm.
1197 168 1324 229 329

103 272 316 329 tecum,
338 273 612 334 quamque
634 252 933 313 ostenderit
946 253 1318 328 voluntatem,

108 341 287 413 (solet
306 342 457 400 enim
473 340 624 399 aliud
649 337 847 397 sentire
861 354 917 397 et
932 339 1112 417 loqui,
1137 355 1322 418 neque

108 442 335 487 tantum
354 425 536 485 valere
566 426 820 501 ingenio,
841 439 1042 483 utnon
1058 438 1322 504 appareat

110 512 253 592 qnid
282 513 497 590 cupiat)
524 509 609 569 fac
637 511 773 569 mihi
802 508 1120 589 perscribas.
1167 507 1321 588 quod

112 598 187 657 ad
202 593 509 670 caesarem,
524 596 699 655 crebri
714 611 771 655 et
784 616 905 655 non
921 594 1046 655 belli
1061 595 1129 655 de
1141 616 1210 655 eo
1227 614 1324 653 ru-

112 702 335 745 more-n
361 680 451 741 sed
481 678 845 741 susurratores
873 679 1146 741 duntaxat
1165 681 1326 742 veni·

115 784 248 829 unt.
280 767 422 825 alius
436 768 679 846 equitem
696 764 1008 845 perdidisse,
1027 766 1182 845 quod
1198 766 1324 845 opi-

115 874 231 915 nor
252 867 405 911 certe
428 851 629 913 faci-um
652 851 756 924 est;
790 852 932 911 alius
955 848 1234 932 septimam
1245 850 1327 911 le-

116 943 349 1019 gionem
372 935 641 1017 vapulasse
653 959 672 995 t
696 936 868 1016 ipsum
899 938 1042 1017 apud
1074 938 1328 997 Bellova-

117 1043 226 1089 cos
240 1020 639 1097 circumsederi,
660 1022 1016 1083 interclusum
1031 1025 1100 1083 ab
1113 1021 1338 1102 reliquo

124 1104 398 1171 exercitu.
443 1128 625 1187 neque
652 1108 829 1169 adhuc
865 1111 1000 1168 certi
1030 1108 1338 1187 quidquam

124 1196 236 1269 est3
263 1213 442 1272 neque
454 1196 587 1253 haec
606 1194 819 1253 incerta
830 1194 1002 1273 vulgo
1021 1196 1298 1272 jaciantur
1311 1217 1338 1256 x

124 1281 224 1343 sed
238 1282 387 1339 inter
400 1298 633 1358 paucos,
655 1298 795 1358 quos
812 1295 874 1338 tu
899 1280 1040 1339 nosti
1052 1279 1238 1360 plane,
1259 1280 1340 1341 se-

129 1382 293 1431 creto
317 1380 642 1425 narrantur:
668 1380 725 1423 at
746 1367 1052 1440 Domitius,
1075 1386 1197 1425 cum
1214 1387 1338 1427 ma-

128 1472 247 1514 nus
270 1451 339 1511 ad
370 1471 435 1510 os
458 1448 728 1529 apposuit.
780 1464 832 1509 te
853 1450 923 1510 ad
949 1470 1042 1513 lx.
1058 1451 1171 1512 kal.
1199 1460 1344 1529 Jun.

128 1536 469 1599 subrostrani
490 1534 675 1613 (quod
698 1536 922 1595 illorum
937 1538 1102 1616 capiti
1119 1535 1216 1614 fit)
1231 1535 1344 1595 dis·

137 1624 387 1703 fiparant
403 1619 608 1701 periiss'e
621 1644 639 1679 ε
663 1638 719 1680 et
757 1636 811 1681 te
834 1625 968 1682 urbe
987 1643 1050 1681 ac
1071 1622 1199 1681 foro
1215 1636 1352 1683 toto

133 1710 415 1772 maximus
431 1727 621 1767 rumor
633 1706 741 1767 fuit
753 1728 785 1765 a
802 1715 880 1781 Q.
898 1709 1160 1787 Pompcio
1174 1710 1234 1766 in
1249 1710 1347 1765 iti-

136 1814 279 1857 nere
293 1791 548 1853 occisum.
596 1814 727 1869 ege,
748 1794 845 1870 qui
873 1791 1062 1851 scirem
1085 1802 1158 1867 Q
1179 1800 1348 1853 Pom-

138 1882 333 1963 peium
347 1877 527 1937 Baulis
543 1878 962 1957 embaeneticam
978 1877 1176 1952 facere,
1191 1893 1248 1937 et
1262 1876 1354 1938 us·

141 1985 259 2045 que
275 1984 344 2023 eo
359 1978 423 2022 ut
435 1983 543 2039 ego
562 1962 841 2023 misererer
857 1964 978 2039 ejus
991 1964 1207 2037 esuriei,
1228 1984 1355 2027 non

142 2048 271 2112 sum
293 2063 632 2108 commotus:
657 2065 714 2108 et
726 2051 835 2107 hoc
848 2049 1160 2124 mendacio,
1189 2048 1228 2107 fi
1243 2068 1358 2129 qua

145 2134 395 2218 pericula
416 2135 518 2192 tibi
531 2134 939 2214 impenderent,
954 2150 1017 2193 ut
1031 2133 1356 2212 defungere-

146 2241 306 2295 mur,
324 2220 538 2297 optavi.
584 2218 821 2279 Plancus
844 2220 1066 2297 quidem
1084 2236 1214 2280 tuus
1247 2228 1358 2281 Ra·

148 2324 373 2367 vennae
386 2302 491 2363 est:
513 2320 571 2362 et
590 2323 795 2381 magno
811 2307 1100 2383 congiario
1115 2307 1360 2367 donatus

152 2412 195 2458 a
216 2388 463 2470 Caesare,
484 2410 589 2453 uec
608 2390 823 2466 beatus,
860 2412 961 2454 nec
980 2393 1118 2457 bene
1130 2389 1364 2474 instruc-2
