1700 3059
246 161 367 243 με
460 169 585 224 An
628 165 1232 226 FAMILIARES

239 267 648 327 commoveris?
672 286 812 346 quae
841 265 880 326 fi
909 262 1028 328 hoc'
1045 281 1292 345 tempore
1321 277 1458 328 non·

236 351 387 414 diem
401 351 553 414 suum
576 352 812 429 obiiss'et,
836 354 1025 436 paucis
1041 352 1160 434 post
1175 353 1342 412 annis
1358 367 1448 412 ta·

242 459 369 502 men
385 441 435 499 ei
460 440 805 500 moriendum
830 440 932 498 fiait
948 462 964 498 ε
989 440 1257 519 quoniam
1271 441 1453 498 homo

240 541 375 586 nata
396 524 591 586 fuerat.
638 528 802 585 etiam
818 528 886 586 ab
902 524 1044 586 hisce
1067 541 1130 586 tu
1141 526 1303 584 rebus
1321 526 1448 584 ani·

240 631 394 674 mum
408 632 473 671 ac
488 614 886 690 cogitationem
899 627 1052 671 mam
1067 631 1262 686 avoca,
1278 625 1456 690 atque

240 717 311 758 ea
337 700 528 778 potius
564 696 932 773 reminiscere,
978 718 1120 778 quae
1153 697 1322 776 digna
1349 713 1451 757 tua.

243 782 479 868 persona
492 781 619 845 sunt
630 807 649 843 ε
665 783 835 859 illam,
846 783 1108 864 quamdiu
1123 783 1294 844 fuerit
1301 803 1450 866 opus

244 872 317 946 ei,
344 864 569 943 vixiss'eg
594 873 707 930 una
728 891 856 932 cum
881 870 1160 951 republica
1182 869 1370 944 fuisst;
1393 886 1454 930 te

244 971 461 1038 patrem
477 952 653 1032 suum,
670 973 1003 1038 praetorem,
1026 955 1330 1033 consulem,
1353 968 1468 1015 au-’

244 1064 441 1122 gurem
467 1042 685 1116 vidissz·;
714 1041 1148 1104 adolescentibus
1177 1044 1454 1124 primariis

248 1145 483 1211 nuptam
496 1129 670 1204 fuisse3
684 1132 947 1190 omnibus
961 1131 1126 1190 bonis
1139 1141 1315 1210 prope
1329 1149 1456 1210 per·

248 1215 494 1276 fisnetam
517 1215 651 1289 cffe3
684 1237 809 1277 cum
834 1215 1136 1296 respublica
1157 1215 1457 1290 occideret,

248 1303 369 1363 vita
384 1302 665 1364 excessiffe.
716 1301 848 1382 quid
865 1301 960 1378 est,
989 1302 1142 1384 quod
1159 1318 1218 1361 tu
1225 1345 1246 1378 ‚
1275 1319 1372 1362 aut
1385 1302 1459 1361 il-

250 1387 327 1464 la,
357 1409 483 1449 cum
496 1386 723 1450 fortuna
745 1392 854 1449 hoc
874 1392 1106 1450 nomine
1122 1393 1280 1468 queri
1296 1389 1458 1470 possi·

252 1476 327 1534 tis
346 1476 367 1534 ?
400 1473 641 1555 denique
658 1475 848 1535 nolite
865 1475 1114 1537 oblivisci
1131 1479 1460 1536 Ciceronem

252 1559 380 1635 effe,
404 1577 461 1620 et
475 1583 596 1622 eum
615 1565 711 1644 qui
736 1562 857 1622 aliis
885 1561 1231 1623 consueveris
1250 1562 1460 1642 praeci-

253 1669 385 1728 pere
415 1664 470 1708 et
499 1649 631 1709 dare
666 1647 982 1710 confilium:
1029 1669 1212 1729 neque
1249 1650 1469 1708 imitare

252 1735 432 1795 malos
448 1735 809 1814 medicos,qui
824 1738 884 1794 in
901 1735 1094 1796 alienis
1110 1737 1320 1795 morbis
1335 1755 1468 1814 pro-

253 1819 482 1880 fitentur
512 1837 695 1881 tenere
724 1821 777 1880 se
808 1821 1120 1888 Medicinae
1147 1821 1468 1896 scientiam,

255 1906 355 1985 ipfi
383 1905 437 1966 se
466 1927 653 1966 curare
682 1929 803 1969 non
834 1907 1088 1988 poffiant:
1131 1905 1222 1967 sed
1249 1911 1464 1987 potius,

258 2012 398 2070 quae
428 1993 549 2051 aliis
580 2007 699 2052 tute
728 1996 1035 2074 praecipere
1064 1993 1224 2068 soles,
1253 2015 1316 2052 ea
1347 2008 1474 2052 tute-

258 2079 361 2137 tibi
378 2075 601 2154 subjice,
632 2095 798 2158 atque
821 2079 966 2160 apud
990 2083 1234 2140 animum
1253 2098 1464 2158 propo-

259 2184 351 2224 ne.
400 2165 581 2224 nullus
604 2165 766 2224 dolor
788 2164 886 2239 est,
914 2187 1078 2245 quem
1105 2186 1221 2226 non
1239 2166 1466 2242 longin-

259 2253 443 2330 quitas
477 2255 743 2329 temporis
766 2253 982 2311 minuat
997 2272 1060 2312 ac
1077 2251 1323 2311 molliat:
1356 2255 1468 2310 hoc

259 2352 320 2395 te
331 2341 612 2416 expectare
626 2353 807 2417 tempu
816 2357 865 2412 S,
877 2339 982 2397 tibi
995 2353 1154 2417 turpe
1166 2337 1328 2412 est,ac
1344 2357 1467 2396 non

260 2423 311 2480 ei
331 2424 407 2481 rei
425 2421 687 2501 sapientia
710 2439 802 2482 tua
828 2438 885 2482 te
901 2443 1211 2485 occurrere.
1259 2424 1411 2501 quod
1429 2422 1470 2484 fi

260 2509 388 2586 quia
419 2509 583 2571 etiam
610 2507 807 2570 inferis
836 2507 1020 2572 sensus
1050 2509 1157 2584 est5
1192 2511 1289 2590 qui
1319 2508 1470 2572 iliius
