1700 3059
360 203 478 264 180
563 203 689 262 AD
730 203 1335 262 FAMILIARES

348 298 604 361 consulto
619 317 771 360 meus
786 300 1070 376 inimicus,
1099 301 1230 379 quia
1245 314 1378 360 tuus
1393 299 1586 362 frater

346 403 487 463 erat,
517 385 912 448 sublevaretur.
969 406 1140 466 quare
1169 407 1288 449 non
1321 407 1434 464 ego
1459 409 1579 469 op·

348 475 593 556 pugnavi
608 471 832 532 fratrem
858 487 1038 548 tuum,
1067 470 1156 532 sed
1173 473 1330 532 fratri
1349 487 1458 534 tuo
1480 494 1575 532 re·

347 559 629 644 pugnavit
672 579 772 619 nec
798 561 860 617 in
884 575 962 632 te,
992 574 1056 619 ut
1082 556 1294 634 scribis,
1327 559 1346 591 ‘
1363 564 1571 620 animo

348 647 373 682 ⁴
394 646 475 706 fui
490 644 678 705 mobili
683 648 722 721 ,⁹
744 643 833 705 sed
857 647 934 704 ita
949 645 1146 720 stabili,
1170 662 1232 706 ut
1253 648 1314 705 in
1331 667 1458 706 mea
1472 669 1567 706 er-

347 753 420 814 ga
434 749 490 792 re
500 731 811 807 voluntate,
831 733 999 792 etiam
1017 730 1254 792 desertus
1271 735 1338 792 ab
1353 734 1565 794 officiis

349 823 484 894 tuiz,
509 836 904 898 permanerem.
953 834 1118 899 atque
1147 823 1257 880 hoc
1279 817 1402 900 ipso
1420 836 1565 880 tem·

347 926 486 989 pore
516 906 617 964 tibi
647 924 788 982 pene
814 905 1097 966 minitanti
1121 908 1285 966 nobis
1307 927 1409 988 per
1431 905 1563 966 lite-

348 1015 464 1069 rae,
496 996 605 1052 hoe
625 989 862 1052 rescribo
892 1005 1055 1073 atque
1083 990 1424 1074 respondeo:
1457 1014 1566 1072 ego

322 1075 331 1086 ’
350 1080 537 1142 dolori
561 1095 660 1139 tuo
678 1098 795 1138 non
812 1075 990 1138 solum
1012 1079 1266 1157 ignosco,
1299 1078 1388 1141 sed
1412 1077 1562 1140 sum·

351 1189 503 1229 mam
532 1166 696 1226 etiam
729 1163 945 1226 laudem
977 1167 1183 1228 tribuo.
1230 1187 1383 1227 meus
1406 1169 1562 1228 enim

353 1275 445 1316 me
458 1250 663 1326 sensus,
680 1267 888 1331 quanta
901 1253 989 1312 vis
1004 1251 1234 1312 fraterni
1249 1252 1314 1312 fit
1329 1256 1563 1331 amoriS,

353 1341 637 1401 admonet.
657 1359 689 1397 a
705 1353 760 1397 te
774 1353 996 1419 pet0,ut
1009 1355 1070 1400 tu
1087 1360 1309 1421 quoque
1325 1361 1566 1420 aequum

350 1427 661 1506 tejudicem
674 1425 860 1485 dolori
875 1446 998 1486 meo
1014 1425 1340 1506 praebeaszfi
1355 1429 1566 1492 acerbe,

350 1513 393 1577 fi
406 1512 721 1589 crudeliter,
750 1511 789 1572 fi
810 1511 924 1572 fine
952 1513 1111 1574 causa
1134 1513 1249 1574 sum
1267 1536 1298 1573 a
1313 1505 1421 1573 tui's
1455 1534 1559 1594 op-

350 1615 719 1683 pugnatus,ut
732 1598 953 1675 statuas,
964 1601 1100 1660 mihi
1115 1621 1234 1661 non
1251 1599 1422 1660 modo
1437 1620 1560 1660 non

354 1687 681 1763 cedendum,
702 1684 794 1747 sed
808 1688 974 1746 etiam
990 1701 1091 1746 tuo
1105 1703 1272 1767 atque
1287 1689 1559 1746 exercitus

354 1779 438 1835 tui
454 1774 663 1834 auxilio
679 1776 740 1832 in
756 1772 1024 1850 ejusmodi
1039 1773 1193 1834 causa
1205 1772 1468 1834 utendum
1479 1773 1560 1833 fu·

354 1859 465 1922 isse·
476 1881 585 1938 ego
597 1876 649 1920 te
664 1861 797 1920 mihi
808 1859 1009 1940 semper
1024 1863 1255 1920 amicum
1271 1858 1370 1919 effe
1381 1859 1555 1920 volui=

356 1967 447 2010 me
475 1962 539 2006 ut
568 1947 666 2006 tibi
688 1947 1057 2032 amicissimum
1079 1946 1181 2006 esse
1203 1946 1558 2024 intelligere8‚

357 2033 629 2094 laboravi.
660 2052 861 2092 maneo
876 2035 936 2093 in
953 2033 1260 2109 voluntate,
1282 2052 1359 2107 et,
1375 2032 1558 2112 quoad

359 2119 519 2183 voles
550 2134 635 2196 tu,
672 2120 1002 2200 permanebo
1014 2144 1033 2195 3
1079 2118 1345 2200 citiusque
1376 2139 1558 2180 amore

358 2207 444 2267 tui
472 2205 695 2266 fratrem
725 2220 882 2266 tuum
913 2205 1080 2266 odiss‘e
1111 2205 1372 2282 defluam,
1394 2225 1556 2285 quam

359 2292 509 2353 illius
531 2293 666 2355 odio
688 2292 990 2373 quidquam
1011 2291 1290 2358 denostra
1316 2295 1554 2356 benevo-

358 2380 532 2444 lentia
544 2379 843 2444 detraham.
888 2380 1033 2442 vale.
