<?xml version="1.0" encoding="UTF-8"?>
<!DOCTYPE html PUBLIC "-//W3C//DTD XHTML 1.0 Transitional//EN"
    "http://www.w3.org/TR/xhtml1/DTD/xhtml1-transitional.dtd">
<html xmlns="http://www.w3.org/1999/xhtml" xml:lang="en" lang="en">
 <head>
  <title>
</title>
<meta http-equiv="Content-Type" content="text/html;charset=utf-8" />
  <meta name='ocr-system' content='tesseract 3.04.00' />
  <meta name='ocr-capabilities' content='ocr_page ocr_carea ocr_par ocr_line ocrx_word'/>
</head>
<body>
  <div class='ocr_page' id='page_1' title='image "./mtulliiciceroni10unkngoog/mtulliiciceroni10unkngoog_0349.png"; bbox 0 0 1700 3059; ppageno 0'>
   <div class='ocr_carea' id='block_1_1' title="bbox 407 235 1342 314">
    <p class='ocr_par' dir='ltr' id='par_1_1' title="bbox 407 235 1342 314">
     <span class='ocr_line' id='line_1_1' title="bbox 407 235 1342 314; baseline 0.016 -28"><span class='ocrx_word' id='word_1_1' title='bbox 407 235 733 292; x_wconf 86' lang='lat' dir='ltr'><strong>EPIST.</strong></span> <span class='ocrx_word' id='word_1_2' title='bbox 786 251 924 293; x_wconf 73' lang='lat' dir='ltr'>mn.</span> <span class='ocrx_word' id='word_1_3' title='bbox 959 249 1126 295; x_wconf 76' lang='grc' dir='ltr'><strong>νιιι.</strong></span> <span class='ocrx_word' id='word_1_4' title='bbox 1221 255 1342 314; x_wconf 81' lang='lat'>339</span> 
     </span>
    </p>
   </div>
   <div class='ocr_carea' id='block_1_2' title="bbox 75 331 1354 2634">
    <p class='ocr_par' dir='ltr' id='par_1_2' title="bbox 132 331 1354 840">
     <span class='ocr_line' id='line_1_2' title="bbox 132 331 1340 412; baseline 0.002 -20"><span class='ocrx_word' id='word_1_5' title='bbox 132 332 457 412; x_wconf 77' lang='lat' dir='ltr'><strong>fimpliciter</strong></span> <span class='ocrx_word' id='word_1_6' title='bbox 470 345 527 391; x_wconf 90' lang='lat' dir='ltr'>et</span> <span class='ocrx_word' id='word_1_7' title='bbox 540 331 772 393; x_wconf 83' lang='lat' dir='ltr'>candide</span> <span class='ocrx_word' id='word_1_8' title='bbox 786 331 1014 411; x_wconf 75' lang='lat' dir='ltr'>posuiffi:</span> <span class='ocrx_word' id='word_1_9' title='bbox 1029 335 1340 394; x_wconf 80' lang='lat' dir='ltr'>inimicitias</span> 
     </span>
     <span class='ocr_line' id='line_1_3' title="bbox 132 417 1341 498; baseline 0.002 -21"><span class='ocrx_word' id='word_1_10' title='bbox 132 417 404 479; x_wconf 77' lang='lat' dir='ltr'>videaris,</span> <span class='ocrx_word' id='word_1_11' title='bbox 450 420 511 477; x_wconf 78' lang='lat' dir='ltr'>in</span> <span class='ocrx_word' id='word_1_12' title='bbox 539 421 682 478; x_wconf 77' lang='lat' dir='ltr'><strong>hanc</strong></span> <span class='ocrx_word' id='word_1_13' title='bbox 712 429 918 498; x_wconf 71' lang='lat' dir='ltr'><strong>pan-fem</strong></span> <span class='ocrx_word' id='word_1_14' title='bbox 949 439 1121 498; x_wconf 80' lang='lat' dir='ltr'><strong>porro</strong></span> <span class='ocrx_word' id='word_1_15' title='bbox 1160 435 1341 481; x_wconf 83' lang='lat' dir='ltr'><strong>tutum</strong></span> 
     </span>
     <span class='ocr_line' id='line_1_4' title="bbox 133 503 1354 583; baseline 0.002 -21"><span class='ocrx_word' id='word_1_16' title='bbox 133 503 239 562; x_wconf 69' lang='lat' dir='ltr'>tibi</span> <span class='ocrx_word' id='word_1_17' title='bbox 251 505 381 578; x_wconf 80' lang='lat' dir='ltr'>erit,</span> <span class='ocrx_word' id='word_1_18' title='bbox 396 503 435 562; x_wconf 85' lang='lat' dir='ltr'><strong>fi</strong></span> <span class='ocrx_word' id='word_1_19' title='bbox 450 504 583 583; x_wconf 82' lang='lat' dir='ltr'>quid</span> <span class='ocrx_word' id='word_1_20' title='bbox 600 503 866 578; x_wconf 80' lang='lat' dir='ltr'>volueris,</span> <span class='ocrx_word' id='word_1_21' title='bbox 889 504 1213 580; x_wconf 78' lang='lat' dir='ltr'><strong>gratificari:</strong></span> <span class='ocrx_word' id='word_1_22' title='bbox 1241 513 1354 564; x_wconf 80' lang='lat' dir='ltr'><strong>ne·&#39;</strong></span> 
     </span>
     <span class='ocr_line' id='line_1_5' title="bbox 134 583 1339 650; baseline 0.001 -1"><span class='ocrx_word' id='word_1_23' title='bbox 134 604 235 649; x_wconf 81' lang='lat' dir='ltr'>mo</span> <span class='ocrx_word' id='word_1_24' title='bbox 257 591 409 648; x_wconf 86' lang='lat' dir='ltr'><strong>enim</strong></span> <span class='ocrx_word' id='word_1_25' title='bbox 440 583 823 648; x_wconf 74' lang='lat' dir='ltr'>necemtudine</span> <span class='ocrx_word' id='word_1_26' title='bbox 839 603 896 648; x_wconf 84' lang='lat' dir='ltr'>et</span> <span class='ocrx_word' id='word_1_27' title='bbox 911 592 1150 649; x_wconf 75' lang='lat' dir='ltr'>amicitia</span> <span class='ocrx_word' id='word_1_28' title='bbox 1171 606 1227 650; x_wconf 83' lang='lat' dir='ltr'>te</span> <span class='ocrx_word' id='word_1_29' title='bbox 1243 590 1339 650; x_wconf 87' lang='lat' dir='ltr'>de·</span> 
     </span>
     <span class='ocr_line' id='line_1_6' title="bbox 136 673 1340 736; baseline 0.001 -3"><span class='ocrx_word' id='word_1_30' title='bbox 136 677 389 734; x_wconf 62' lang='lat' dir='ltr'>territum</span> <span class='ocrx_word' id='word_1_31' title='bbox 419 677 489 733; x_wconf 82' lang='lat' dir='ltr'>ab</span> <span class='ocrx_word' id='word_1_32' title='bbox 518 673 707 733; x_wconf 80' lang='lat' dir='ltr'>o‘fficio</span> <span class='ocrx_word' id='word_1_33' title='bbox 728 673 896 734; x_wconf 86' lang='lat' dir='ltr'><strong>dicet.</strong></span> <span class='ocrx_word' id='word_1_34' title='bbox 942 673 1078 736; x_wconf 77' lang='lat' dir='ltr'>illud</span> <span class='ocrx_word' id='word_1_35' title='bbox 1093 678 1228 735; x_wconf 82' lang='lat' dir='ltr'>mihi</span> <span class='ocrx_word' id='word_1_36' title='bbox 1243 697 1340 734; x_wconf 87' lang='lat' dir='ltr'>oc·</span> 
     </span>
     <span class='ocr_line' id='line_1_7' title="bbox 134 759 1340 840; baseline 0 -20"><span class='ocrx_word' id='word_1_37' title='bbox 134 760 336 835; x_wconf 70' lang='lat' dir='ltr'>currit,</span> <span class='ocrx_word' id='word_1_38' title='bbox 359 760 539 840; x_wconf 75' lang='lat' dir='ltr'><strong>qubd‘</strong></span> <span class='ocrx_word' id='word_1_39' title='bbox 526 775 673 818; x_wconf 82' lang='lat' dir='ltr'><strong>mter</strong></span> <span class='ocrx_word' id='word_1_40' title='bbox 688 759 1132 839; x_wconf 80' lang='lat' dir='ltr'>postulationem,</span> <span class='ocrx_word' id='word_1_41' title='bbox 1161 777 1217 820; x_wconf 88' lang='lat' dir='ltr'>et</span> <span class='ocrx_word' id='word_1_42' title='bbox 1233 783 1340 821; x_wconf 87' lang='lat' dir='ltr'>no·</span> 
     </span>
    </p>

    <p class='ocr_par' dir='ltr' id='par_1_3' title="bbox 132 845 1344 1010">
     <span class='ocr_line' id='line_1_8' title="bbox 132 845 1344 921; baseline 0 -15"><span class='ocrx_word' id='word_1_43' title='bbox 132 847 309 906; x_wconf 73' lang='lat' dir='ltr'>mixtis</span> <span class='ocrx_word' id='word_1_44' title='bbox 330 845 683 921; x_wconf 84' lang='lat' dir='ltr'>delationem,</span> <span class='ocrx_word' id='word_1_45' title='bbox 712 862 860 904; x_wconf 78' lang='lat' dir='ltr'><strong>uxor</strong></span> <span class='ocrx_word' id='word_1_46' title='bbox 882 866 915 903; x_wconf 79' lang='lat' dir='ltr'><strong>a</strong></span> <span class='ocrx_word' id='word_1_47' title='bbox 935 847 1222 906; x_wconf 80' lang='lat' dir='ltr'><strong>Dolabella</strong></span> <span class='ocrx_word' id='word_1_48' title='bbox 1235 846 1344 906; x_wconf 84' lang='lat' dir='ltr'>dis-</span> 
     </span>
     <span class='ocr_line' id='line_1_9' title="bbox 133 921 1342 1014; baseline 0.001 -23"><span class='ocrx_word' id='word_1_49' title='bbox 133 929 326 991; x_wconf 78' lang='lat' dir='ltr'>eessit.</span> <span class='ocrx_word' id='word_1_50' title='bbox 318 932 467 1010; x_wconf 83' lang='lat' dir='ltr'>quid</span> <span class='ocrx_word' id='word_1_51' title='bbox 484 933 616 990; x_wconf 79' lang='lat' dir='ltr'><strong>mihi</strong></span> <span class='ocrx_word' id='word_1_52' title='bbox 630 927 906 989; x_wconf 68' lang='lat' dir='ltr'>discedens</span> <span class='ocrx_word' id='word_1_53' title='bbox 923 921 1342 1014; x_wconf 46' lang='lat' dir='ltr'><strong>mandat-ianic-</strong></span> 
     </span>
    </p>

    <p class='ocr_par' dir='ltr' id='par_1_4' title="bbox 133 1007 1342 1096">
     <span class='ocr_line' id='line_1_10' title="bbox 133 1007 1342 1096; baseline 0.001 -20"><span class='ocrx_word' id='word_1_54' title='bbox 133 1017 312 1076; x_wconf 79' lang='lat' dir='ltr'><strong>mini·</strong></span> <span class='ocrx_word' id='word_1_55' title='bbox 330 1017 463 1094; x_wconf 87' lang='lat' dir='ltr'>quid</span> <span class='ocrx_word' id='word_1_56' title='bbox 479 1035 583 1094; x_wconf 82' lang='lat' dir='ltr'>ego</span> <span class='ocrx_word' id='word_1_57' title='bbox 600 1018 698 1076; x_wconf 77' lang='lat' dir='ltr'>tibi</span> <span class='ocrx_word' id='word_1_58' title='bbox 714 1007 1033 1096; x_wconf 74' lang='lat' dir='ltr'>scripserim,</span> <span class='ocrx_word' id='word_1_59' title='bbox 1051 1034 1104 1077; x_wconf 83' lang='lat' dir='ltr'>te</span> <span class='ocrx_word' id='word_1_60' title='bbox 1119 1037 1239 1076; x_wconf 82' lang='lat' dir='ltr'>non</span> <span class='ocrx_word' id='word_1_61' title='bbox 1255 1039 1342 1078; x_wconf 80' lang='lat' dir='ltr'>ar·</span> 
     </span>
    </p>

    <p class='ocr_par' dir='ltr' id='par_1_5' title="bbox 134 1101 1342 1184">
     <span class='ocr_line' id='line_1_11' title="bbox 134 1101 1342 1184; baseline 0.002 -24"><span class='ocrx_word' id='word_1_62' title='bbox 134 1103 323 1160; x_wconf 84' lang='lat' dir='ltr'>bitror</span> <span class='ocrx_word' id='word_1_63' title='bbox 336 1102 593 1162; x_wconf 86' lang='lat' dir='ltr'><strong>oblitum.</strong></span> <span class='ocrx_word' id='word_1_64' title='bbox 626 1121 742 1160; x_wconf 84' lang='lat' dir='ltr'>non</span> <span class='ocrx_word' id='word_1_65' title='bbox 758 1101 960 1180; x_wconf 83' lang='lat' dir='ltr'>estjam</span> <span class='ocrx_word' id='word_1_66' title='bbox 976 1117 1190 1182; x_wconf 82' lang='lat' dir='ltr'><strong>tempus</strong></span> <span class='ocrx_word' id='word_1_67' title='bbox 1217 1103 1342 1184; x_wconf 75' lang='lat' dir='ltr'>pl‘u-</span> 
     </span>
    </p>

    <p class='ocr_par' dir='ltr' id='par_1_6' title="bbox 75 1186 1348 2634">
     <span class='ocr_line' id='line_1_12' title="bbox 133 1186 1342 1270; baseline -0.001 -23"><span class='ocrx_word' id='word_1_68' title='bbox 133 1203 201 1247; x_wconf 58' lang='grc' dir='ltr'>ιιι</span> <span class='ocrx_word' id='word_1_69' title='bbox 216 1187 502 1247; x_wconf 82' lang='lat' dir='ltr'><strong>narrandi.</strong></span> <span class='ocrx_word' id='word_1_70' title='bbox 547 1207 720 1246; x_wconf 82' lang='lat' dir='ltr'>unum</span> <span class='ocrx_word' id='word_1_71' title='bbox 742 1186 876 1246; x_wconf 84' lang='lat' dir='ltr'>illud</span> <span class='ocrx_word' id='word_1_72' title='bbox 900 1207 1127 1246; x_wconf 83' lang='lat' dir='ltr'>monere</span> <span class='ocrx_word' id='word_1_73' title='bbox 1144 1203 1202 1248; x_wconf 82' lang='lat' dir='ltr'>te</span> <span class='ocrx_word' id='word_1_74' title='bbox 1217 1188 1342 1270; x_wconf 88' lang='lat' dir='ltr'>pos-</span> 
     </span>
     <span class='ocr_line' id='line_1_13' title="bbox 132 1270 1343 1350; baseline 0.002 -18"><span class='ocrx_word' id='word_1_75' title='bbox 132 1270 281 1347; x_wconf 84' lang='lat' dir='ltr'>sum,</span> <span class='ocrx_word' id='word_1_76' title='bbox 310 1271 350 1331; x_wconf 84' lang='lat' dir='ltr'><strong>fi</strong></span> <span class='ocrx_word' id='word_1_77' title='bbox 386 1293 473 1332; x_wconf 83' lang='lat' dir='ltr'>res</span> <span class='ocrx_word' id='word_1_78' title='bbox 511 1274 613 1331; x_wconf 76' lang='lat' dir='ltr'>tibi</span> <span class='ocrx_word' id='word_1_79' title='bbox 646 1293 765 1330; x_wconf 82' lang='lat' dir='ltr'>non</span> <span class='ocrx_word' id='word_1_80' title='bbox 803 1271 1126 1350; x_wconf 79' lang='lat' dir='ltr'>displicebit,</span> <span class='ocrx_word' id='word_1_81' title='bbox 1157 1283 1343 1333; x_wconf 69' lang='lat' dir='ltr'><strong>tamen</strong></span> 
     </span>
     <span class='ocr_line' id='line_1_14' title="bbox 132 1358 1346 1439; baseline -0.002 -21"><span class='ocrx_word' id='word_1_82' title='bbox 132 1361 251 1420; x_wconf 85' lang='lat' dir='ltr'>hoc</span> <span class='ocrx_word' id='word_1_83' title='bbox 266 1373 509 1439; x_wconf 80' lang='lat' dir='ltr'>tempore</span> <span class='ocrx_word' id='word_1_84' title='bbox 523 1358 661 1416; x_wconf 79' lang='lat' dir='ltr'><strong>nihil</strong></span> <span class='ocrx_word' id='word_1_85' title='bbox 674 1358 743 1417; x_wconf 84' lang='lat' dir='ltr'>de</span> <span class='ocrx_word' id='word_1_86' title='bbox 757 1369 852 1416; x_wconf 86' lang='lat' dir='ltr'>tua</span> <span class='ocrx_word' id='word_1_87' title='bbox 866 1358 1152 1418; x_wconf 80' lang='lat' dir='ltr'>voluntate</span> <span class='ocrx_word' id='word_1_88' title='bbox 1168 1359 1346 1420; x_wconf 88' lang='lat' dir='ltr'><strong>osten·</strong></span> 
     </span>
     <span class='ocr_line' id='line_1_15' title="bbox 124 1443 1348 1524; baseline -0.001 -21"><span class='ocrx_word' id='word_1_89' title='bbox 124 1443 262 1518; x_wconf 77' lang='lat' dir='ltr'>das,</span> <span class='ocrx_word' id='word_1_90' title='bbox 291 1456 347 1502; x_wconf 76' lang='lat' dir='ltr'>et</span> <span class='ocrx_word' id='word_1_91' title='bbox 376 1448 647 1523; x_wconf 57' lang='lat' dir='ltr'>expedies,</span> <span class='ocrx_word' id='word_1_92' title='bbox 690 1443 1160 1524; x_wconf 83' lang='lat' dir='ltr'><strong>quemadmodum·</strong></span> <span class='ocrx_word' id='word_1_93' title='bbox 1179 1459 1348 1520; x_wconf 57' lang='lat' dir='ltr'>exeat</span> 
     </span>
     <span class='ocr_line' id='line_1_16' title="bbox 133 1525 1346 1607; baseline -0.002 -17"><span class='ocrx_word' id='word_1_94' title='bbox 133 1545 213 1590; x_wconf 79' lang='lat' dir='ltr'>ex</span> <span class='ocrx_word' id='word_1_95' title='bbox 238 1532 341 1588; x_wconf 77' lang='lat' dir='ltr'>hac</span> <span class='ocrx_word' id='word_1_96' title='bbox 372 1525 550 1589; x_wconf 81' lang='lat' dir='ltr'>causa.</span> <span class='ocrx_word' id='word_1_97' title='bbox 597 1530 833 1607; x_wconf 83' lang='lat' dir='ltr'>denique</span> <span class='ocrx_word' id='word_1_98' title='bbox 871 1527 1202 1588; x_wconf 84' lang='lat' dir='ltr'>invidiosum</span> <span class='ocrx_word' id='word_1_99' title='bbox 1242 1532 1346 1587; x_wconf 80' lang='lat' dir='ltr'><strong>tibi</strong></span> 
     </span>
     <span class='ocr_line' id='line_1_17' title="bbox 137 1612 1346 1693; baseline -0.002 -18"><span class='ocrx_word' id='word_1_100' title='bbox 137 1613 230 1689; x_wconf 83' lang='lat' dir='ltr'>fit,</span> <span class='ocrx_word' id='word_1_101' title='bbox 261 1613 301 1673; x_wconf 84' lang='lat' dir='ltr'><strong>fi</strong></span> <span class='ocrx_word' id='word_1_102' title='bbox 326 1617 611 1674; x_wconf 84' lang='lat' dir='ltr'><strong>emanarit.</strong></span> <span class='ocrx_word' id='word_1_103' title='bbox 660 1632 854 1693; x_wconf 83' lang='lat' dir='ltr'>porro,</span> <span class='ocrx_word' id='word_1_104' title='bbox 886 1612 1211 1690; x_wconf 80' lang='lat' dir='ltr'>&#39;fignificatio</span> <span class='ocrx_word' id='word_1_105' title='bbox 1235 1614 1346 1673; x_wconf 87' lang='lat' dir='ltr'><strong>ulla</strong></span> 
     </span>
     <span class='ocr_line' id='line_1_18' title="bbox 138 1699 1347 1778; baseline -0.002 -18"><span class='ocrx_word' id='word_1_106' title='bbox 138 1699 181 1760; x_wconf 84' lang='lat' dir='ltr'><strong>fi</strong></span> <span class='ocrx_word' id='word_1_107' title='bbox 203 1699 581 1773; x_wconf 77' lang='lat' dir='ltr'>intercesserit,</span> <span class='ocrx_word' id='word_1_108' title='bbox 604 1699 827 1771; x_wconf 78' lang='lat' dir='ltr'>clarius,</span> <span class='ocrx_word' id='word_1_109' title='bbox 846 1719 1012 1778; x_wconf 80' lang='lat' dir='ltr'><strong>quam</strong></span> <span class='ocrx_word' id='word_1_110' title='bbox 1028 1699 1234 1773; x_wconf 82' lang='lat' dir='ltr'><strong>deceat,</strong></span> <span class='ocrx_word' id='word_1_111' title='bbox 1251 1713 1347 1758; x_wconf 78' lang='lat' dir='ltr'>aut</span> 
     </span>
     <span class='ocr_line' id='line_1_19' title="bbox 138 1784 1344 1866; baseline -0.002 -20"><span class='ocrx_word' id='word_1_112' title='bbox 138 1786 420 1866; x_wconf 79' lang='lat' dir='ltr'>expediat,</span> <span class='ocrx_word' id='word_1_113' title='bbox 449 1784 564 1844; x_wconf 84' lang='lat' dir='ltr'><strong>fiat.</strong></span> <span class='ocrx_word' id='word_1_114' title='bbox 597 1805 775 1862; x_wconf 87' lang='lat' dir='ltr'>neque</span> <span class='ocrx_word' id='word_1_115' title='bbox 790 1784 882 1842; x_wconf 79' lang='lat' dir='ltr'><strong>ille</strong></span> <span class='ocrx_word' id='word_1_116' title='bbox 899 1799 1077 1842; x_wconf 84' lang='lat' dir='ltr'>tacere</span> <span class='ocrx_word' id='word_1_117' title='bbox 1089 1805 1206 1843; x_wconf 89' lang='lat' dir='ltr'>eam</span> <span class='ocrx_word' id='word_1_118' title='bbox 1230 1803 1344 1843; x_wconf 87' lang='lat' dir='ltr'>rem</span> 
     </span>
     <span class='ocr_line' id='line_1_20' title="bbox 138 1869 1345 1952; baseline -0.002 -23"><span class='ocrx_word' id='word_1_119' title='bbox 138 1873 371 1952; x_wconf 80' lang='lat' dir='ltr'>poterit,</span> <span class='ocrx_word' id='word_1_120' title='bbox 402 1889 541 1948; x_wconf 86' lang='lat' dir='ltr'>quae</span> <span class='ocrx_word' id='word_1_121' title='bbox 574 1869 694 1928; x_wconf 86' lang='lat' dir='ltr'>suae</span> <span class='ocrx_word' id='word_1_122' title='bbox 728 1869 839 1948; x_wconf 83' lang='lat' dir='ltr'>spei</span> <span class='ocrx_word' id='word_1_123' title='bbox 880 1887 992 1926; x_wconf 81' lang='lat' dir='ltr'>tam</span> <span class='ocrx_word' id='word_1_124' title='bbox 1023 1886 1345 1948; x_wconf 82' lang='lat' dir='ltr'><strong>opportuna</strong></span> 
     </span>
     <span class='ocr_line' id='line_1_21' title="bbox 138 1955 1346 2032; baseline -0.002 -18"><span class='ocrx_word' id='word_1_125' title='bbox 138 1955 428 2015; x_wconf 75' lang='lat' dir='ltr'>acciderit:</span> <span class='ocrx_word' id='word_1_126' title='bbox 460 1974 705 2032; x_wconf 83' lang='lat' dir='ltr'>quaeque</span> <span class='ocrx_word' id='word_1_127' title='bbox 724 1957 785 2012; x_wconf 83' lang='lat' dir='ltr'>in</span> <span class='ocrx_word' id='word_1_128' title='bbox 803 1956 1031 2031; x_wconf 85' lang='lat' dir='ltr'><strong>negotio</strong></span> <span class='ocrx_word' id='word_1_129' title='bbox 1047 1955 1346 2014; x_wconf 80' lang='lat' dir='ltr'>conficien-</span> 
     </span>
     <span class='ocr_line' id='line_1_22' title="bbox 136 2037 1343 2117; baseline -0.003 -15"><span class='ocrx_word' id='word_1_130' title='bbox 136 2041 215 2102; x_wconf 83' lang='lat' dir='ltr'>do</span> <span class='ocrx_word' id='word_1_131' title='bbox 247 2055 409 2099; x_wconf 81' lang='lat' dir='ltr'><strong>tanto</strong></span> <span class='ocrx_word' id='word_1_132' title='bbox 432 2040 687 2098; x_wconf 79' lang='lat' dir='ltr'>illustrior</span> <span class='ocrx_word' id='word_1_133' title='bbox 708 2041 847 2097; x_wconf 80' lang='lat' dir='ltr'><strong>erit:</strong></span> <span class='ocrx_word' id='word_1_134' title='bbox 882 2059 1005 2098; x_wconf 86' lang='lat' dir='ltr'>cum</span> <span class='ocrx_word' id='word_1_135' title='bbox 1030 2037 1343 2117; x_wconf 77' lang='lat' dir='ltr'>praesertim</span> 
     </span>
     <span class='ocr_line' id='line_1_23' title="bbox 135 2119 1344 2205; baseline 0 -21"><span class='ocrx_word' id='word_1_136' title='bbox 135 2129 184 2184; x_wconf 76' lang='lat' dir='ltr'>is</span> <span class='ocrx_word' id='word_1_137' title='bbox 202 2125 291 2198; x_wconf 84' lang='lat' dir='ltr'>fit,</span> <span class='ocrx_word' id='word_1_138' title='bbox 315 2128 435 2205; x_wconf 85' lang='lat' dir='ltr'>qui,</span> <span class='ocrx_word' id='word_1_139' title='bbox 458 2123 495 2183; x_wconf 91' lang='lat' dir='ltr'><strong>fi</strong></span> <span class='ocrx_word' id='word_1_140' title='bbox 512 2119 874 2204; x_wconf 78' lang='lat' dir='ltr'>perniciosum</span> <span class='ocrx_word' id='word_1_141' title='bbox 893 2122 1051 2182; x_wconf 83' lang='lat' dir='ltr'>sciret</span> <span class='ocrx_word' id='word_1_142' title='bbox 1065 2123 1168 2182; x_wconf 80' lang='lat' dir='ltr'>ess&#39;e</span> <span class='ocrx_word' id='word_1_143' title='bbox 1187 2125 1344 2204; x_wconf 75' lang='lat' dir='ltr'>loqui</span> 
     </span>
     <span class='ocr_line' id='line_1_24' title="bbox 134 2206 1348 2285; baseline 0 -15"><span class='ocrx_word' id='word_1_144' title='bbox 134 2211 207 2270; x_wconf 84' lang='lat' dir='ltr'>de</span> <span class='ocrx_word' id='word_1_145' title='bbox 221 2217 321 2270; x_wconf 85' lang='lat' dir='ltr'>hac</span> <span class='ocrx_word' id='word_1_146' title='bbox 337 2231 418 2285; x_wconf 85' lang='lat' dir='ltr'>re,</span> <span class='ocrx_word' id='word_1_147' title='bbox 432 2212 536 2270; x_wconf 83' lang='lat' dir='ltr'>vix</span> <span class='ocrx_word' id='word_1_148' title='bbox 550 2226 734 2269; x_wconf 83' lang='lat' dir='ltr'>tamen</span> <span class='ocrx_word' id='word_1_149' title='bbox 754 2206 807 2267; x_wconf 88' lang='lat' dir='ltr'>se</span> <span class='ocrx_word' id='word_1_150' title='bbox 822 2211 1157 2271; x_wconf 82' lang='lat' dir='ltr'><strong>contineret.</strong></span> <span class='ocrx_word' id='word_1_151' title='bbox 1189 2218 1348 2270; x_wconf 83' lang='lat' dir='ltr'><strong>Pom-</strong></span> 
     </span>
     <span class='ocr_line' id='line_1_25' title="bbox 132 2294 1340 2378; baseline -0.003 -22"><span class='ocrx_word' id='word_1_152' title='bbox 132 2299 290 2378; x_wconf 77' lang='lat' dir='ltr'>peius</span> <span class='ocrx_word' id='word_1_153' title='bbox 315 2297 520 2356; x_wconf 81' lang='lat' dir='ltr'>dicitur</span> <span class='ocrx_word' id='word_1_154' title='bbox 549 2294 707 2354; x_wconf 86' lang='lat' dir='ltr'>valde</span> <span class='ocrx_word' id='word_1_155' title='bbox 737 2315 839 2374; x_wconf 80' lang='lat' dir='ltr'>pro</span> <span class='ocrx_word' id='word_1_156' title='bbox 867 2299 1052 2374; x_wconf 81' lang='lat' dir='ltr'>Appio</span> <span class='ocrx_word' id='word_1_157' title='bbox 1067 2296 1340 2369; x_wconf 79' lang='lat' dir='ltr'>laborare,</span> 
     </span>
     <span class='ocr_line' id='line_1_26' title="bbox 131 2378 1344 2462; baseline -0.002 -21"><span class='ocrx_word' id='word_1_158' title='bbox 131 2398 199 2441; x_wconf 81' lang='lat' dir='ltr'>ut</span> <span class='ocrx_word' id='word_1_159' title='bbox 220 2384 382 2444; x_wconf 83' lang='lat' dir='ltr'>etiam</span> <span class='ocrx_word' id='word_1_160' title='bbox 399 2395 597 2462; x_wconf 79' lang='lat' dir='ltr'><strong>putent</strong></span> <span class='ocrx_word' id='word_1_161' title='bbox 619 2380 941 2439; x_wconf 80' lang='lat' dir='ltr'><strong>alterutrum</strong></span> <span class='ocrx_word' id='word_1_162' title='bbox 965 2378 1032 2437; x_wconf 89' lang='lat' dir='ltr'>de</span> <span class='ocrx_word' id='word_1_163' title='bbox 1053 2379 1179 2437; x_wconf 76' lang='lat' dir='ltr'>filiis</span> <span class='ocrx_word' id='word_1_164' title='bbox 1197 2381 1265 2438; x_wconf 85' lang='lat' dir='ltr'>ad</span> <span class='ocrx_word' id='word_1_165' title='bbox 1288 2395 1344 2438; x_wconf 82' lang='lat' dir='ltr'>te</span> 
     </span>
     <span class='ocr_line' id='line_1_27' title="bbox 130 2464 1338 2528; baseline -0.002 -1"><span class='ocrx_word' id='word_1_166' title='bbox 130 2467 432 2528; x_wconf 76' lang='lat' dir='ltr'><strong>mffl&#39;utum.</strong></span> <span class='ocrx_word' id='word_1_167' title='bbox 476 2471 567 2526; x_wconf 66' lang='lat' dir='ltr'>hic</span> <span class='ocrx_word' id='word_1_168' title='bbox 599 2487 706 2525; x_wconf 81' lang='lat' dir='ltr'>nos</span> <span class='ocrx_word' id='word_1_169' title='bbox 745 2485 942 2525; x_wconf 82' lang='lat' dir='ltr'>omnes</span> <span class='ocrx_word' id='word_1_170' title='bbox 968 2464 1299 2523; x_wconf 79' lang='lat' dir='ltr'>absolvimus</span> <span class='ocrx_word' id='word_1_171' title='bbox 1321 2485 1338 2524; x_wconf 72' lang='grc' dir='ltr'>ι</span> 
     </span>
     <span class='ocr_line' id='line_1_28' title="bbox 75 2549 1336 2634; baseline -0.006 -18"><span class='ocrx_word' id='word_1_172' title='bbox 75 2595 79 2600; x_wconf 84' lang='lat'><em>·</em></span> <span class='ocrx_word' id='word_1_173' title='bbox 130 2569 188 2616; x_wconf 75' lang='lat' dir='ltr'>,et</span> <span class='ocrx_word' id='word_1_174' title='bbox 202 2553 417 2618; x_wconf 73' lang='lat' dir='ltr'>hercule</span> <span class='ocrx_word' id='word_1_175' title='bbox 432 2551 692 2634; x_wconf 78' lang='lat' dir='ltr'>consepta</span> <span class='ocrx_word' id='word_1_176' title='bbox 714 2554 926 2627; x_wconf 77' lang='lat' dir='ltr'>omnia,</span> <span class='ocrx_word' id='word_1_177' title='bbox 957 2549 1143 2627; x_wconf 76' lang='lat' dir='ltr'>foeda,</span> <span class='ocrx_word' id='word_1_178' title='bbox 1173 2566 1230 2610; x_wconf 86' lang='lat' dir='ltr'>et</span> <span class='ocrx_word' id='word_1_179' title='bbox 1245 2552 1336 2609; x_wconf 84' lang='lat' dir='ltr'>in-</span> 
     </span>
    </p>
   </div>
  </div>
 </body>
</html>
