1700 3059
434 154 761 213 EPIST.
812 170 959 213 ιη.
992 169 1156 213 vm.
1254 174 1370 237 333

24 304 29 307 .
150 265 338 315 retur.
363 248 495 311 illud
510 271 661 311 nune
676 272 709 310 a
721 266 777 309 te
790 264 946 329 peto,
967 248 1006 309 fi
1019 253 1126 311 eris
1147 248 1240 322 (ut
1255 253 1374 334 spe.

154 341 265 413 ro)
280 333 517 409 otiosuS,
544 334 772 414 aliquod
788 334 857 395 ad
875 352 1006 407 noe,
1027 351 1090 394 ut
1103 339 1374 419 intelliga.

156 447 293 489 mus
310 444 419 485 nos
436 427 535 505 tibi
550 446 712 485 curae
734 424 862 501 else,
904 414 1214 513 ςόνταγμα
1239 449 1378 492 con.

64 564 75 570 -
164 514 397 577 scribas.
428 519 525 593 qui
542 517 641 574 tibi
656 514 807 590 istuc,
828 517 1040 594 inquis,
1062 520 1122 577 in
1137 538 1382 586 mentem

162 602 565 674 venit,homini
578 621 699 659 non
714 602 938 679 inepto?
957 601 1162 681 aliquid
1177 626 1248 666 ex
1263 623 1380 671 tam
1453 638 1458 642 ·

164 686 363 747 moltis
378 687 489 744 tuis
504 688 884 745 monumentis
897 692 1262 767 extare,quod
1278 715 1382 755 no.

168 771 310 832 strae
340 772 609 829 amicitiae
634 774 955 831 memoriam
987 772 1211 852 posteris
1233 798 1380 856 quo-

171 878 285 936 que
322 856 547 936 prodat,
581 855 773 915 velim.
834 854 1141 932 cujusmodi
1159 902 1180 935 ,
1216 880 1378 943 puto,

170 944 421 1023 quaeris,
466 956 527 1000 tn
542 943 731 1015 citius,
752 943 850 1021 qui
865 960 1092 1005 omnem
1113 946 1258 1007 nosti
1273 950 1382 1010 dis·

166 1027 461 1107 ciplinam,
480 1026 635 1105 quod
662 1029 902 1087 maxime
939 1033 1260 1108 conveniat,
1281 1055 1382 1094 ex.

170 1114 467 1189 cogitabis,
513 1132 715 1188 genere
736 1128 922 1171 tamen
935 1112 1090 1189 quod
1111 1131 1167 1174 et
1189 1117 1258 1177 ad
1274 1140 1381 1186 nos

174 1205 474 1284 pertineat,
502 1218 560 1261 et
588 1190 960 1265 diffamamur
991 1210 1290 1289 quamdam,
1321 1229 1384 1274 ut

177 1290 429 1354 versetur
441 1294 589 1353 inter
604 1312 824 1370 manus„
846 1299 1061 1358 habeat.
1107 1300 1250 1363 vale.

245 1484 324 1525 κ.
354 1482 656 1527 emulus
690 1486 762 1526 Μ.
793 1486 1134 1531 cxcnnom
1167 1494 1220 1534 s.
1252 1493 1320 1535 n.

268 1550 505 1610 Invideo
518 1553 641 1610 tibi=
660 1566 771 1611 tam
787 1555 956 1613 multa
972 1556 1385 1639 quotidie‚quae

176 1636 403 1708 mirere,
416 1634 549 1695 istoc
564 1634 931 1716 perferuntut.
971 1643 1206 1719 primum
1222 1644 1356 1705 illud
1359 1690 1381 1723 ,

180 1718 499 1789 absolutum
537 1719 835 1781 Messallam
857 1746 874 1795 ;
921 1725 1120 1784 deinde
1151 1729 1388 1807 eundem

180 1805 633 1865 condemnatum.
667 1813 737 1866 C.
762 1808 1086 1869 Marcellum
1114 1812 1390 1879 consulem

182 1891 423 1973 faetumz
464 1898 549 1950 M.
582 1890 872 1952 claudium
897 1915 928 1953 a
967 1896 1174 1976 repulsa
1203 1900 1388 1977 postu·

182 1975 357 2035 latum
388 1996 420 2033 a
450 1976 625 2035 Gallis
652 1975 900 2037 duobus:
942 1987 1004 2039 P.
1046 1984 1391 2049 Dolabellam

182 2060 683 2141 quindecimvirum
696 2061 1032 2125 faetum.hoe
1047 2069 1146 2126 tibi
1165 2090 1284 2129 non
1299 2076 1390 2133 in-

187 2145 383 2219 video,
406 2144 635 2205 eat-uiss’e
657 2162 713 2204 te
734 2147 1104 2227 pulcherrimo
1119 2151 1391 2233 speetacu-

186 2231 276 2305 lo,
297 2245 357 2289 et
372 2231 601 2290 Lentuli
615 2234 807 2291 cruris
822 2235 1016 2315 repulsi
1030 2237 1243 2301 vultum
1269 2262 1388 2305 non

188 2313 401 2377 vidisse.
447 2331 505 2375 at
520 2336 628 2395 qua
642 2314 754 2397 spe,
782 2337 948 2397 quam
963 2337 1110 2381 certa
1126 2327 1396 2402 opinione

193 2397 571 2461 descenderat?
594 2421 761 2480 quam
780 2404 902 2483 ipso
921 2406 1201 2467 diffidente
1217 2410 1393 2471 Dola·

194 2482 365 2551 bella?
395 2502 452 2551 et
472 2488 761 2573 Hercules,
788 2490 891 2562 nin
910 2491 1083 2558 nostri
1105 2496 1316 2575 equites
1332 2518 1392 2559 a·
1489 2522 1540 2539 ·-

117 1534 161 1581 4
