1700 3059
313 92 453 213 184'
519 139 648 195 AD
691 137 1297 196 FAMILIARI-:s

299 250 572 313 quantum
589 237 722 296 mihi
737 235 933 296 debeas
941 237 1160 311 ,caeteri
1172 235 1539 298 existiment.

295 341 404 399 ego
419 343 560 403 quae
590 337 684 382 tua
707 322 865 384 eausa
890 337 1052 384 antea
1067 322 1195 397 feci,
1216 323 1538 384 voluntate

296 407 415 468 sum
433 408 718 485 adductus,
739 406 1030 489 posteaque
1046 409 1383 470 constantia.
1428 409 1531 469 sed

295 495 544 574 reliqua,
561 495 901 569 mihicrede,
925 495 1103 555 multo
1133 496 1313 572 majus
1326 517 1529 556 meum

295 579 555 657 studium,
573 583 952 661 majoremque
972 583 1328 660 gravitatem,
1350 599 1417 642 et
1442 583 1523 642 la·

293 669 485 728 horem
505 667 830 728 desiderant.
880 687 1019 747 quae
1042 666 1204 745 egofi
1226 689 1349 728 non
1370 689 1523 752 pro·

293 752 526 814 flandere
563 775 628 814 ac
665 754 892 834 perdere
932 753 1169 814 videbor
1181 795 1201 828 ,
1244 757 1519 816 omnibus

289 840 430 900 meis
445 842 662 904 viribus
675 839 949 902 sustinebo
964 862 980 899 ι
998 839 1077 901 fin
1094 855 1275 905 autem
1290 843 1521 920 ingrata

293 925 400 988 effe
415 926 666 1002 sentiam,
691 949 811 988 non
826 930 1175 988 committam
1198 944 1261 987 ut
1276 930 1380 988 tibi
1395 928 1523 1008 ipse

295 1013 538 1078 insanire
549 1017 759 1078 videar.
782 1035 848 1074 ea
862 1034 1002 1094 quae
1016 1013 1144 1090 sint,
1159 1029 1217 1074 et
1230 1013 1517 1093 cujusmo-

292 1102 378 1176 di,
392 1104 604 1182 poteris
619 1123 691 1162 ex
709 1103 1023 1182 Pomponio
1039 1100 1392 1178 cognoscere.
1426 1118 1517 1162 at-

293 1207 404 1268 que
417 1188 592 1268 ipsum
610 1191 710 1249 tibi
729 1189 1104 1268 Pomponium
1123 1190 1205 1246 ita
1224 1209 1519 1249 commen-

292 1273 392 1350 do,
415 1289 480 1333 ut
495 1295 810 1354 quanquam
843 1273 1007 1355 ipfius
1031 1272 1191 1334 causa
1210 1273 1436 1335 confido
1454 1290 1515 1335 te

291 1359 564 1422 faetus-um
592 1361 696 1421 effe
727 1363 939 1438 omnia,
963 1375 1150 1421 tamen
1180 1362 1278 1420 abs
1310 1376 1369 1421 te
1396 1365 1513 1422 hoc

290 1463 498 1530 petam,
521 1464 605 1525 ut,
631 1447 670 1508 fi
685 1447 855 1528 quid
837 1469 901 1508 ιιι
914 1462 973 1507 te
988 1445 1181 1506 refidet
1194 1449 1400 1508 amoris
1416 1467 1509 1506 er-

288 1555 360 1614 ga
373 1555 484 1611 me,
506 1535 564 1596 id
589 1555 757 1595 omne
771 1535 834 1594 in
849 1534 1145 1614 Pomponii
1170 1535 1401 1612 negotio
1414 1525 1509 1593 οΓ-

290 1621 510 1682 tendas.
557 1627 666 1684 hoc
681 1623 816 1682 mihi
832 1620 969 1682 nihil
986 1621 1196 1700 gratius
1210 1620 1385 1682 facere
1400 1639 1506 1701 po·

294 1725 402 1770 tes,
447 1709 590 1771 vale.

297 1901 372 1944 Μ.
410 1901 550 1944 αι’.
583 1901 871 1958 εεκτιο,
910 1901 974 1943 ι..
1008 1901 1066 1943 ι’.
1096 1899 1499 1960 rnoQtrAts-

705 1988 844 2030 ‘ron
861 1989 909 2044 1,
942 1990 994 2029 ε.
1022 1989 1087 2029 ι).

379 2062 522 2116 Cum
538 2054 607 2115 ad
622 2076 711 2115 me
725 2055 1234 2130 Dec1us,11brar1us,
1248 2049 1553 2129 veniss‘et‚⁶

284 2141 584 2226 egissetque
601 2163 840 2217 mecum,
864 2157 929 2200 ut
942 2161 1171 2222 operam
1194 2141 1403 2212 darem,
1428 2159 1501 2198 ne

285 2230 392 2290 tibi
424 2232 534 2291 hoc
575 2243 825 2310 tempore
863 2225 1273 2298 succederetur,
1321 2245 1498 2304 quan·

286 2337 456 2395 quam
478 2315 636 2376 illum
665 2316 943 2375 hominem
974 2313 1119 2390 frugi
1148 2330 1205 2373 et
1236 2314 1337 2371 tibi
1366 2313 1499 2372 ami-

287 2424 415 2462 cum
429 2402 824 2474 existimabam,
835 2414 1044 2475 tamen,
1068 2399 1223 2479 quod
1234 2401 1501 2458 memoria

289 2490 544 2550 tenebam
571 2485 879 2568 cujusmodi
908 2485 1083 2546 adme
1112 2485 1299 2546 literas
1333 2499 1499 2544 antee

1674 1131 1679 1174 1
