1700 3059
426 138 539 196 ΕΡ
565 139 647 195 IS
672 141 753 196 T.
806 149 952 195 ιη.
980 139 1132 205 vu(
1260 147 1376 208 305

12 389 25 400 ‚
340 343 599 384 cmERo
643 343 1003 386 TREBATto
1035 345 1088 385 S.
1119 343 1186 384 D.

10 403 17 426 ²
74 429 133 472 ιε
245 412 451 490 Accepi
466 433 499 470 a
514 427 569 468 te
593 412 805 489 aliquot
820 409 1074 490 epistolas
1092 429 1208 470 uno
1229 423 1368 468 tem·
1427 455 1434 458 .

7 473 21 514 ι
152 515 316 578 pore,
338 495 477 576 quaa
507 513 567 556 tu
600 495 821 556 diverfis
843 500 1184 578 temporibus
1203 495 1366 555 dede·

152 603 269 657 tar„
316 585 377 642 in
406 585 607 662 quibus
638 603 727 644 me
750 600 968 643 caerem
1003 584 1368 644 delectarunt.

151 665 527 746 significabant
546 673 719 744 enim,
744 686 799 730 te
814 670 964 730 istam
981 671 1364 748 militiamjam

149 753 313 816 firmo
328 759 515 816 animo
531 756 751 830 ferre,et
764 755 868 814 effe
881 757 1080 817 fortem
1103 759 1284 816 virum
1302 771 1362 816 et
1459 809 1466 816 .

148 842 507 902 constantem.
540 864 680 923 quae
700 864 805 922 ego
827 841 1096 922 paulisper
1119 845 1176 902 in
1202 857 1256 902 te
1281 845 1370 904 ita

146 927 465 1004 desideravi,
498 950 617 988 non
655 929 1026 990 imbecillitate
1045 931 1216 987 animi
1249 931 1356 1006 tui,

144 1013 235 1074 fed
266 1018 441 1092 magis
472 1032 537 1074 ut
565 1011 827 1076 desiderio
850 1013 1022 1074 nostri
1047 1031 1102 1074 te
1119 1013 1355 1074 aestuare

142 1117 417 1181 putarem.
466 1123 635 1180 quare
656 1123 842 1179 perge,
867 1118 929 1161 ut
945 1099 1194 1182 coepisti:
1219 1101 1362 1162 forti

141 1190 335 1248 animo
354 1187 501 1248 istam
518 1189 691 1247 tolera
704 1187 980 1248 militiam.
1028 1187 1220 1260 multa,
1245 1190 1360 1246 mi-

40 1311 45 1316 ·
140 1275 201 1332 hi
224 1275 403 1346 crede,
428 1273 719 1354 assequere.
766 1295 870 1351 ego
892 1277 1037 1334 enim
1063 1275 1359 1334 renovabo

136 1360 698 1435 commendationem,
713 1361 801 1419 sed
820 1378 1086 1441 tempore.
1103 1361 1174 1421 fic
1191 1363 1356 1422 habea·

134 1462 225 1520 te,
252 1469 369 1506 non
394 1449 495 1506 tibi
517 1449 717 1524 majori
740 1446 841 1506 effe
857 1469 1036 1521 curae,
1061 1464 1122 1507 ut
1139 1447 1231 1506 iste
1252 1463 1354 1507 tu-

97 1605 103 1610 *
133 1555 203 1593 us
222 1555 255 1592 a
272 1555 357 1592 me
371 1531 621 1593 disceffus
640 1555 803 1612 quam
818 1533 1252 1594 frueiuofiffimus
1269 1536 1352 1594 ti-

132 1622 195 1680 bi.
208 1619 295 1692 fit,
319 1641 481 1699 quam
498 1623 652 1678 mihi.
678 1623 884 1698 itaque,
901 1619 1123 1700 quando
1139 1617 1346 1680 vestrae

133 1710 425 1766 cautiones
454 1706 701 1766 infirmae
726 1703 872 1778 sunt,
899 1709 1220 1766 Graeculam
1238 1709 1339 1767 tibi

132 1792 252 1852 mifi
278 1794 588 1852 cautionem
612 1794 958 1872 chirographi
981 1795 1112 1852 mei.
1160 1810 1220 1852 tu
1252 1813 1358 1858 mer,

132 1877 302 1940 velim
336 1879 403 1938 de
427 1881 641 1938 ratione
665 1878 862 1937 Gallici
893 1879 1022 1939 belli
1045 1883 1338 1940 certiorem

129 1964 431 2043 faciasaego
448 1967 593 2024 enim
606 1965 952 2043 ignavissimo
968 1969 1162 2047 cuique
1178 1987 1351 2026 max--

130 2051 301 2110 imam
332 2050 492 2112 fidem
517 2054 711 2110 habeo·
758 2051 870 2122 sed,
904 2068 965 2110 ut
984 2053 1050 2110 ad
1083 2052 1350 2134 epistqlas.

130 2152 259 2196 tuas
281 2138 515 2212 redeam,
538 2152 749 2198 caetera
770 2138 943 2196 belle:
977 2138 1112 2197 illud
1127 2143 1299 2200 miror
1313 2162 1348 2200 t·

131 2226 259 2303 quis
283 2223 421 2284 solet
448 2223 641 2282 eodem
672 2219 948 2302 exempl'o'
959 2225 1142 2304 plures
1182 2227 1346 2300 dare,.

127 2313 227 2388 qui
259 2309 349 2370 sua
378 2331 543 2369 manu
573 2308 793 2369 scribit?
830 2333 958 2369 nam
982 2313 1130 2390 quod
1155 2317 1214 2368 in
1235 2331 1353 2388 pam

126 2395 418 2475 limpsesto,
448 2397 613 2456 laudo
636 2397 888 2474 equidem
913 2395 1343 2477 parsimoniam&

126 2479 220 2552 sed
248 2485 443 2562 miror,
488 2483 622 2568 quid
648 2484 705 2540 in
738 2483 830 2542 illa
860 2486 1106 2545 chartula
1141 2477 1357 2565 fuerzit,‘³
