1700 3059
324 166 443 228 116
533 171 661 228 AD
704 167 1319 232 FAMILIARES
1395 183 1408 195 '

318 287 577 348 mumque
590 266 940 328 decernatur.
985 272 1224 331 omnino
1237 268 1419 330 serius·
1433 273 1560 331 mi·
1697 267 1699 338 1

318 352 361 412 fi
373 352 578 428 literas,
594 375 758 433 quam
776 354 994 416 vellem.
1017 357 1075 415 in
1093 376 1210 436 quo
1225 377 1355 417 cum
1375 359 1556 418 navi·
1697 339 1699 400 ἶ

320 440 487 518 gandi
502 440 791 501 difficultas
808 443 914 502 fuit
927 441 1258 518 odiosa,tum
1274 443 1492 525 ipsum
1477 465 1552 504 m

320 524 599 586 disceffum
618 525 836 586 senatus
863 527 1107 588 incidiffe
1139 530 1308 591 credo
1340 531 1548 590 literas

320 633 495 673 meas.
542 613 630 672 sed
648 614 703 673 id
726 615 827 674 feci
842 615 1108 674 addustus
1131 620 1464 678 au&oritate
1483 633 1562 677 et

322 699 555 759 confilio
572 715 699 760 tuo:
724 701 888 780 idque
903 723 934 760 a
949 721 1038 760 me
1053 707 1195 762 reete
1211 703 1417 763 fastum
1435 725 1546 784 pu·

324 800 411 859 tn,
436 787 589 864 quod
614 786 936 848 non'statim
957 804 1021 846 ut
1043 788 1348 869 appellatus
1363 792 1546 870 impe·

324 887 481 931 rator
510 871 647 948 sum,
678 872 767 932 sed
798 874 922 932 aliis
945 877 1108 934 rebus
1131 877 1358 953 additis,
1381 874 1542 936 aesti-

324 957 515 1039 visque
526 958 815 1036 confectis,
828 960 1016 1021 literas
1031 961 1290 1024 miserim.
1337 967 1478 1024 haec
1492 966 1546 1023 i-

328 1048 477 1124 gitur
510 1049 610 1106 tibi
643 1063 805 1107 erunt
832 1068 994 1110 curae
1006 1092 1027 1124 ,
1069 1047 1546 1128 quemadmodum

326 1131 600 1218 ostendis:
632 1154 827 1214 meque
842 1150 1047 1211 totum,
1073 1153 1127 1196 et
1142 1157 1286 1214 mea,
1309 1152 1366 1196 et
1381 1156 1546 1196 meos

330 1220 746 1282 commendatos
768 1222 1012 1284 habebis.
1063 1223 1204 1284 vale.

406 1413 481 1453 M.
506 1413 570 1454 τ.
594 1413 651 1456 e.
683 1414 884 1456 Aemo
915 1417 1198 1457 PULcnR
1217 1416 1255 1456 o
1295 1418 1348 1458 s·
1375 1417 1447 1459 D.

416 1487 559 1540 Cum
583 1481 743 1542 estad
770 1503 880 1543 nos
903 1484 1127 1544 allatum
1151 1483 1218 1544 de
1233 1487 1546 1544 temeritate
1577 1485 1638 1522 ¹0

326 1587 543 1644 eorum,
566 1571 663 1649 qui
686 1570 787 1629 tibi
802 1573 1085 1648 negotium
1102 1569 1442 1644 facesserent,
1455 1586 1540 1631 et·

326 1655 369 1716 fi
384 1658 627 1736 graviter
640 1659 821 1738 ptimo
836 1659 1042 1717 nuntio
1059 1673 1378 1717 commotus
1397 1657 1514 1718 sum
1519 1700 1542 1734 ,

328 1744 487 1825 quod
508 1745 645 1805 nihil
659 1761 772 1804 tam
787 1760 1000 1826 praeter
1015 1747 1344 1824 opinionem
1357 1765 1542 1806 meam

328 1830 575 1890 accidere
590 1834 795 1910 potuit:
810 1848 992 1892 tamen
1009 1848 1072 1890 ut
1089 1852 1174 1890 me
1189 1831 1384 1910 collegi
1389 1851 1540 1907 ‚cae-

234 1960 237 1962 ψ
328 1931 446 1975 tera
476 1919 611 1976 mihi
632 1916 893 1977 facillima
913 1918 1264 1993 videbantur,
1297 1917 1453 1997 quod
1479 1933 1546 1980 et

326 2006 391 2063 in
406 2017 462 2062 te
476 2000 593 2084 ipso
609 2007 912 2084 maximam*
923 2005 1094 2086 spem,
1115 2022 1170 2064 et
1183 2007 1244 2064 in
1261 2009 1374 2064 tuis
1387 2025 1542 2083 mag-

326 2111 457 2151 nam
472 2091 735 2151 habebam
752 2113 769 2150 ε
794 2092 1076 2172 multaque
1091 2093 1222 2152 mihi
1235 2093 1542 2153 veniebant

326 2181 389 2238 in
418 2191 679 2251 mentem,
718 2182 1076 2257 quamobrem
1108 2177 1263 2239 istum
1287 2178 1542 2241 laborem

324 2265 429 2324 tibi
442 2266 607 2324 etiam
622 2267 828 2325 honori
842 2283 1090 2346 putarem
1103 2265 1244 2324 fore.
1261 2265 1402 2326 illud
1417 2264 1538 2345 pla·

326 2371 401 2410 ne
414 2347 635 2411 moleste
656 2352 779 2428 tuli,
804 2351 958 2432 quod
981 2353 1326 2412 certissimum
1341 2367 1399 2411 et
1415 2349 1538 2429 jus-

324 2438 573 2498 tissimum
589 2439 925 2520 triumphum
937 2443 1042 2498 hoc
1058 2439 1380 2499 invidorum
1396 2457 1538 2498 con·

322 2521 441 2584 filio
458 2521 559 2585 esse
574 2524 674 2586 tibi
686 2541 932 2606 ereptum
947 2525 1219 2589 videbam.
1243 2524 1398 2610 quod
1411 2540 1472 2588 tu
1495 2522 1541 2590 fi
