<?xml version="1.0" encoding="UTF-8"?>
<!DOCTYPE html PUBLIC "-//W3C//DTD XHTML 1.0 Transitional//EN"
    "http://www.w3.org/TR/xhtml1/DTD/xhtml1-transitional.dtd">
<html xmlns="http://www.w3.org/1999/xhtml" xml:lang="en" lang="en">
 <head>
  <title>
</title>
<meta http-equiv="Content-Type" content="text/html;charset=utf-8" />
  <meta name='ocr-system' content='tesseract 3.04.00' />
  <meta name='ocr-capabilities' content='ocr_page ocr_carea ocr_par ocr_line ocrx_word'/>
</head>
<body>
  <div class='ocr_page' id='page_1' title='image "./mtulliiciceroni10unkngoog/mtulliiciceroni10unkngoog_0065.png"; bbox 0 0 1700 3059; ppageno 0'>
   <div class='ocr_carea' id='block_1_1' title="bbox 383 183 1307 268">
    <p class='ocr_par' dir='ltr' id='par_1_1' title="bbox 383 183 1307 268">
     <span class='ocr_line' id='line_1_1' title="bbox 383 183 1307 268; baseline 0.002 -22"><span class='ocrx_word' id='word_1_1' title='bbox 383 183 714 247; x_wconf 73' lang='lat' dir='ltr'>EPIST.</span> <span class='ocrx_word' id='word_1_2' title='bbox 771 203 911 246; x_wconf 76' lang='lat' dir='ltr'>mn.</span> <span class='ocrx_word' id='word_1_3' title='bbox 950 203 1033 248; x_wconf 77' lang='grc' dir='ltr'>ιι.</span> <span class='ocrx_word' id='word_1_4' title='bbox 1228 202 1307 268; x_wconf 78' lang='grc' dir='ltr'>ςς</span> 
     </span>
    </p>
   </div>
   <div class='ocr_carea' id='block_1_2' title="bbox 95 286 1360 2618">
    <p class='ocr_par' dir='ltr' id='par_1_2' title="bbox 95 286 1360 2618">
     <span class='ocr_line' id='line_1_2' title="bbox 97 286 1314 368; baseline -0.001 -16"><span class='ocrx_word' id='word_1_5' title='bbox 97 286 262 352; x_wconf 58' lang='lat' dir='ltr'>caus&amp;</span> <span class='ocrx_word' id='word_1_6' title='bbox 275 291 512 351; x_wconf 75' lang='lat' dir='ltr'>inventa</span> <span class='ocrx_word' id='word_1_7' title='bbox 527 307 612 347; x_wconf 79' lang='lat' dir='ltr'>res</span> <span class='ocrx_word' id='word_1_8' title='bbox 627 286 744 368; x_wconf 83' lang='lat' dir='ltr'>ipsa</span> <span class='ocrx_word' id='word_1_9' title='bbox 755 287 852 364; x_wconf 87' lang='lat' dir='ltr'>est,</span> <span class='ocrx_word' id='word_1_10' title='bbox 874 303 939 348; x_wconf 89' lang='lat' dir='ltr'>ut</span> <span class='ocrx_word' id='word_1_11' title='bbox 952 291 1215 350; x_wconf 80' lang='lat' dir='ltr'>certiores</span> <span class='ocrx_word' id='word_1_12' title='bbox 1233 292 1314 352; x_wconf 80' lang='lat' dir='ltr'>fa·</span> 
     </span>
     <span class='ocr_line' id='line_1_3' title="bbox 95 373 1316 458; baseline -0.001 -19"><span class='ocrx_word' id='word_1_13' title='bbox 95 395 360 440; x_wconf 72' lang='lat' dir='ltr'>een-emus</span> <span class='ocrx_word' id='word_1_14' title='bbox 375 373 650 448; x_wconf 55' lang='lat' dir='ltr'>abientes,</span> <span class='ocrx_word' id='word_1_15' title='bbox 671 373 712 434; x_wconf 81' lang='lat' dir='ltr'><strong>fi</strong></span> <span class='ocrx_word' id='word_1_16' title='bbox 727 375 862 456; x_wconf 84' lang='lat' dir='ltr'>quid</span> <span class='ocrx_word' id='word_1_17' title='bbox 875 374 1025 452; x_wconf 81' lang='lat' dir='ltr'>elset,</span> <span class='ocrx_word' id='word_1_18' title='bbox 1050 376 1202 458; x_wconf 88' lang='lat' dir='ltr'>quod</span> <span class='ocrx_word' id='word_1_19' title='bbox 1219 397 1316 438; x_wconf 75' lang='lat' dir='ltr'>eos</span> 
     </span>
     <span class='ocr_line' id='line_1_4' title="bbox 98 460 1313 542; baseline 0 -16"><span class='ocrx_word' id='word_1_20' title='bbox 98 465 266 541; x_wconf 80' lang='lat' dir='ltr'>seire,</span> <span class='ocrx_word' id='word_1_21' title='bbox 289 479 394 524; x_wconf 81' lang='lat' dir='ltr'>aut</span> <span class='ocrx_word' id='word_1_22' title='bbox 419 460 605 521; x_wconf 81' lang='lat' dir='ltr'>nostra</span> <span class='ocrx_word' id='word_1_23' title='bbox 633 475 732 521; x_wconf 84' lang='lat' dir='ltr'>aut</span> <span class='ocrx_word' id='word_1_24' title='bbox 759 460 998 542; x_wconf 85' lang='lat' dir='ltr'>ipsorum</span> <span class='ocrx_word' id='word_1_25' title='bbox 1020 463 1313 526; x_wconf 83' lang='lat' dir='ltr'>interesset.</span> 
     </span>
     <span class='ocr_line' id='line_1_5' title="bbox 101 547 1321 629; baseline 0 -17"><span class='ocrx_word' id='word_1_26' title='bbox 101 551 278 629; x_wconf 78' lang='lat' dir='ltr'>hujus</span> <span class='ocrx_word' id='word_1_27' title='bbox 311 549 530 629; x_wconf 77' lang='lat' dir='ltr'>generis</span> <span class='ocrx_word' id='word_1_28' title='bbox 559 547 748 608; x_wconf 76' lang='lat' dir='ltr'>literas</span> <span class='ocrx_word' id='word_1_29' title='bbox 772 567 907 607; x_wconf 82' lang='lat' dir='ltr'>ame</span> <span class='ocrx_word' id='word_1_30' title='bbox 930 547 1175 628; x_wconf 72' lang='lat' dir='ltr'>profecto</span> <span class='ocrx_word' id='word_1_31' title='bbox 1197 569 1321 613; x_wconf 87' lang='lat' dir='ltr'>non</span> 
     </span>
     <span class='ocr_line' id='line_1_6' title="bbox 97 634 1319 719; baseline -0.001 -20"><span class='ocrx_word' id='word_1_32' title='bbox 97 639 352 719; x_wconf 79' lang='lat' dir='ltr'>expetis.</span> <span class='ocrx_word' id='word_1_33' title='bbox 397 653 618 696; x_wconf 82' lang='lat' dir='ltr'>tuarum</span> <span class='ocrx_word' id='word_1_34' title='bbox 638 637 785 694; x_wconf 88' lang='lat' dir='ltr'>enim</span> <span class='ocrx_word' id='word_1_35' title='bbox 807 653 987 694; x_wconf 82' lang='lat' dir='ltr'>rerum</span> <span class='ocrx_word' id='word_1_36' title='bbox 1002 634 1319 699; x_wconf 78' lang='lat' dir='ltr'>domestica·-</span> 
     </span>
     <span class='ocr_line' id='line_1_7' title="bbox 102 720 1319 800; baseline -0.002 -13"><span class='ocrx_word' id='word_1_37' title='bbox 102 745 232 787; x_wconf 85' lang='lat' dir='ltr'>rum</span> <span class='ocrx_word' id='word_1_38' title='bbox 247 725 423 783; x_wconf 83' lang='lat' dir='ltr'>habes</span> <span class='ocrx_word' id='word_1_39' title='bbox 452 737 510 780; x_wconf 88' lang='lat' dir='ltr'>et</span> <span class='ocrx_word' id='word_1_40' title='bbox 533 720 848 800; x_wconf 80' lang='lat' dir='ltr'>scriptores,</span> <span class='ocrx_word' id='word_1_41' title='bbox 877 737 932 780; x_wconf 84' lang='lat' dir='ltr'>et</span> <span class='ocrx_word' id='word_1_42' title='bbox 954 725 1209 784; x_wconf 81' lang='lat' dir='ltr'>nuntios.</span> <span class='ocrx_word' id='word_1_43' title='bbox 1254 725 1319 784; x_wconf 88' lang='lat' dir='ltr'>in</span> 
     </span>
     <span class='ocr_line' id='line_1_8' title="bbox 103 805 1321 873; baseline -0.002 0"><span class='ocrx_word' id='word_1_44' title='bbox 103 813 248 873; x_wconf 84' lang='lat' dir='ltr'>meis</span> <span class='ocrx_word' id='word_1_45' title='bbox 266 825 452 868; x_wconf 86' lang='lat' dir='ltr'>autem</span> <span class='ocrx_word' id='word_1_46' title='bbox 468 809 626 868; x_wconf 73' lang='lat' dir='ltr'>rebus</span> <span class='ocrx_word' id='word_1_47' title='bbox 645 807 782 866; x_wconf 88' lang='lat' dir='ltr'>nihil</span> <span class='ocrx_word' id='word_1_48' title='bbox 793 807 868 866; x_wconf 88' lang='lat' dir='ltr'>est</span> <span class='ocrx_word' id='word_1_49' title='bbox 883 805 1008 867; x_wconf 82' lang='lat' dir='ltr'>sane</span> <span class='ocrx_word' id='word_1_50' title='bbox 1022 812 1182 870; x_wconf 88' lang='lat' dir='ltr'>novi.</span> <span class='ocrx_word' id='word_1_51' title='bbox 1235 829 1321 870; x_wconf 83' lang='lat' dir='ltr'>re-</span> 
     </span>
     <span class='ocr_line' id='line_1_9' title="bbox 102 891 1324 978; baseline -0.003 -18"><span class='ocrx_word' id='word_1_52' title='bbox 102 897 269 978; x_wconf 70' lang='lat' dir='ltr'>liqua</span> <span class='ocrx_word' id='word_1_53' title='bbox 283 893 416 954; x_wconf 84' lang='lat' dir='ltr'>sunt</span> <span class='ocrx_word' id='word_1_54' title='bbox 430 891 774 974; x_wconf 79' lang='lat' dir='ltr'>epistolarum</span> <span class='ocrx_word' id='word_1_55' title='bbox 798 913 999 971; x_wconf 83' lang='lat' dir='ltr'>genera</span> <span class='ocrx_word' id='word_1_56' title='bbox 1018 894 1153 969; x_wconf 90' lang='lat' dir='ltr'>duo,</span> <span class='ocrx_word' id='word_1_57' title='bbox 1183 915 1324 978; x_wconf 85' lang='lat' dir='ltr'>quae</span> 
     </span>
     <span class='ocr_line' id='line_1_10' title="bbox 107 979 1323 1060; baseline -0.004 -13"><span class='ocrx_word' id='word_1_58' title='bbox 107 1005 204 1047; x_wconf 80' lang='lat' dir='ltr'>me</span> <span class='ocrx_word' id='word_1_59' title='bbox 217 999 559 1060; x_wconf 85' lang='lat' dir='ltr'>magnopere</span> <span class='ocrx_word' id='word_1_60' title='bbox 574 979 878 1039; x_wconf 73' lang='lat' dir='ltr'>delectant.</span> <span class='ocrx_word' id='word_1_61' title='bbox 860 1001 879 1018; x_wconf 92' lang='lat'><strong>·</strong></span> <span class='ocrx_word' id='word_1_62' title='bbox 904 999 1077 1040; x_wconf 82' lang='lat' dir='ltr'>unum</span> <span class='ocrx_word' id='word_1_63' title='bbox 1090 981 1323 1042; x_wconf 84' lang='lat' dir='ltr'>familia·</span> 
     </span>
     <span class='ocr_line' id='line_1_11' title="bbox 105 1063 1325 1148; baseline -0.005 -16"><span class='ocrx_word' id='word_1_64' title='bbox 105 1088 195 1148; x_wconf 69' lang='lat' dir='ltr'>re,</span> <span class='ocrx_word' id='word_1_65' title='bbox 217 1085 279 1129; x_wconf 93' lang='lat' dir='ltr'>et</span> <span class='ocrx_word' id='word_1_66' title='bbox 284 1065 578 1148; x_wconf 72' lang='lat' dir='ltr'>jocosum</span> <span class='ocrx_word' id='word_1_67' title='bbox 602 1066 830 1126; x_wconf 70' lang='lat' dir='ltr'>alterum</span> <span class='ocrx_word' id='word_1_68' title='bbox 845 1063 1187 1141; x_wconf 80' lang='lat' dir='ltr'>severum,et</span> <span class='ocrx_word' id='word_1_69' title='bbox 1200 1087 1325 1146; x_wconf 79' lang='lat' dir='ltr'>gra·</span> 
     </span>
     <span class='ocr_line' id='line_1_12' title="bbox 107 1152 1323 1230; baseline -0.007 -9"><span class='ocrx_word' id='word_1_70' title='bbox 107 1177 207 1221; x_wconf 78' lang='lat' dir='ltr'>ve.</span> <span class='ocrx_word' id='word_1_71' title='bbox 239 1170 378 1216; x_wconf 84' lang='lat' dir='ltr'>utro</span> <span class='ocrx_word' id='word_1_72' title='bbox 393 1173 480 1213; x_wconf 87' lang='lat' dir='ltr'>me</span> <span class='ocrx_word' id='word_1_73' title='bbox 493 1155 680 1214; x_wconf 77' lang='lat' dir='ltr'>minus</span> <span class='ocrx_word' id='word_1_74' title='bbox 693 1152 883 1213; x_wconf 85' lang='lat' dir='ltr'>deceat</span> <span class='ocrx_word' id='word_1_75' title='bbox 898 1154 1005 1230; x_wconf 84' lang='lat' dir='ltr'>uti,</span> <span class='ocrx_word' id='word_1_76' title='bbox 1028 1173 1147 1214; x_wconf 88' lang='lat' dir='ltr'>non</span> <span class='ocrx_word' id='word_1_77' title='bbox 1162 1154 1323 1215; x_wconf 87' lang='lat' dir='ltr'>intel·</span> 
     </span>
     <span class='ocr_line' id='line_1_13' title="bbox 106 1237 1329 1324; baseline -0.001 -21"><span class='ocrx_word' id='word_1_78' title='bbox 106 1240 254 1324; x_wconf 71' lang='lat' dir='ltr'>ligo.</span> <span class='ocrx_word' id='word_1_79' title='bbox 299 1243 536 1320; x_wconf 81' lang='lat' dir='ltr'>joceme</span> <span class='ocrx_word' id='word_1_80' title='bbox 563 1255 740 1300; x_wconf 77' lang='lat' dir='ltr'>tecum</span> <span class='ocrx_word' id='word_1_81' title='bbox 769 1257 865 1324; x_wconf 83' lang='lat' dir='ltr'>per</span> <span class='ocrx_word' id='word_1_82' title='bbox 894 1237 1117 1300; x_wconf 74' lang='lat' dir='ltr'>literas?</span> <span class='ocrx_word' id='word_1_83' title='bbox 1148 1243 1329 1302; x_wconf 80' lang='lat' dir='ltr'>civem</span> 
     </span>
     <span class='ocr_line' id='line_1_14' title="bbox 109 1318 1327 1410; baseline -0.004 -18"><span class='ocrx_word' id='word_1_84' title='bbox 109 1328 438 1392; x_wconf 79' lang='lat' dir='ltr'>mehercule</span> <span class='ocrx_word' id='word_1_85' title='bbox 451 1345 569 1387; x_wconf 87' lang='lat' dir='ltr'>non</span> <span class='ocrx_word' id='word_1_86' title='bbox 585 1341 722 1410; x_wconf 82' lang='lat' dir='ltr'>puto</span> <span class='ocrx_word' id='word_1_87' title='bbox 735 1318 840 1385; x_wconf 60' lang='lat' dir='ltr'>elle</span> <span class='ocrx_word' id='word_1_88' title='bbox 841 1325 974 1406; x_wconf 78' lang='lat' dir='ltr'>,qui</span> <span class='ocrx_word' id='word_1_89' title='bbox 993 1330 1327 1408; x_wconf 70' lang='lat' dir='ltr'>temporibus</span> 
     </span>
     <span class='ocr_line' id='line_1_15' title="bbox 111 1413 1331 1494; baseline -0.002 -18"><span class='ocrx_word' id='word_1_90' title='bbox 111 1417 208 1477; x_wconf 73' lang='lat' dir='ltr'>his</span> <span class='ocrx_word' id='word_1_91' title='bbox 225 1414 406 1475; x_wconf 78' lang='lat' dir='ltr'>ridere</span> <span class='ocrx_word' id='word_1_92' title='bbox 419 1414 595 1494; x_wconf 76' lang='lat' dir='ltr'>ponit.</span> <span class='ocrx_word' id='word_1_93' title='bbox 644 1430 717 1472; x_wconf 74' lang='lat' dir='ltr'>an</span> <span class='ocrx_word' id='word_1_94' title='bbox 739 1415 961 1491; x_wconf 80' lang='lat' dir='ltr'>gravius</span> <span class='ocrx_word' id='word_1_95' title='bbox 983 1414 1186 1494; x_wconf 86' lang='lat' dir='ltr'>aliquid</span> <span class='ocrx_word' id='word_1_96' title='bbox 1204 1413 1331 1475; x_wconf 87' lang='lat' dir='ltr'>scri·-</span> 
     </span>
     <span class='ocr_line' id='line_1_16' title="bbox 111 1493 1332 1583; baseline -0.004 -18"><span class='ocrx_word' id='word_1_97' title='bbox 111 1493 284 1565; x_wconf 79' lang='lat' dir='ltr'>barn?</span> <span class='ocrx_word' id='word_1_98' title='bbox 307 1501 444 1583; x_wconf 86' lang='lat' dir='ltr'>quid</span> <span class='ocrx_word' id='word_1_99' title='bbox 467 1499 562 1576; x_wconf 82' lang='lat' dir='ltr'>est,</span> <span class='ocrx_word' id='word_1_100' title='bbox 585 1499 748 1580; x_wconf 75' lang='lat' dir='ltr'>quod</span> <span class='ocrx_word' id='word_1_101' title='bbox 762 1494 919 1580; x_wconf 82' lang='lat' dir='ltr'>poffit</span> <span class='ocrx_word' id='word_1_102' title='bbox 934 1502 1174 1578; x_wconf 82' lang='lat' dir='ltr'>graviter</span> <span class='ocrx_word' id='word_1_103' title='bbox 1190 1521 1220 1558; x_wconf 85' lang='lat' dir='ltr'>a</span> <span class='ocrx_word' id='word_1_104' title='bbox 1236 1503 1332 1560; x_wconf 83' lang='lat' dir='ltr'>Ci—</span> 
     </span>
     <span class='ocr_line' id='line_1_17' title="bbox 115 1584 1337 1666; baseline -0.005 -14"><span class='ocrx_word' id='word_1_105' title='bbox 115 1607 336 1652; x_wconf 70' lang='lat' dir='ltr'>‘cetone</span> <span class='ocrx_word' id='word_1_106' title='bbox 353 1585 508 1648; x_wconf 86' lang='lat' dir='ltr'>scribi</span> <span class='ocrx_word' id='word_1_107' title='bbox 527 1586 595 1646; x_wconf 87' lang='lat' dir='ltr'>ad</span> <span class='ocrx_word' id='word_1_108' title='bbox 614 1588 911 1645; x_wconf 84' lang='lat' dir='ltr'>Curionem</span> <span class='ocrx_word' id='word_1_109' title='bbox 918 1584 1037 1660; x_wconf 87' lang='lat' dir='ltr'>,nifi</span> <span class='ocrx_word' id='word_1_110' title='bbox 1054 1585 1123 1645; x_wconf 88' lang='lat' dir='ltr'>de</span> <span class='ocrx_word' id='word_1_111' title='bbox 1136 1589 1337 1666; x_wconf 82' lang='lat' dir='ltr'>repub·-</span> 
     </span>
     <span class='ocr_line' id='line_1_18' title="bbox 115 1675 1336 1753; baseline -0.006 -15"><span class='ocrx_word' id='word_1_112' title='bbox 115 1679 248 1738; x_wconf 69' lang='lat' dir='ltr'>lica</span> <span class='ocrx_word' id='word_1_113' title='bbox 253 1679 274 1734; x_wconf 85' lang='lat'>?</span> <span class='ocrx_word' id='word_1_114' title='bbox 309 1690 476 1753; x_wconf 83' lang='lat' dir='ltr'>atque</span> <span class='ocrx_word' id='word_1_115' title='bbox 503 1675 562 1732; x_wconf 83' lang='lat' dir='ltr'>in</span> <span class='ocrx_word' id='word_1_116' title='bbox 585 1676 694 1732; x_wconf 89' lang='lat' dir='ltr'>hoc</span> <span class='ocrx_word' id='word_1_117' title='bbox 708 1693 907 1750; x_wconf 86' lang='lat' dir='ltr'>genere</span> <span class='ocrx_word' id='word_1_118' title='bbox 920 1675 1055 1731; x_wconf 87' lang='lat' dir='ltr'>haec</span> <span class='ocrx_word' id='word_1_119' title='bbox 1072 1691 1191 1730; x_wconf 87' lang='lat' dir='ltr'>mea</span> <span class='ocrx_word' id='word_1_120' title='bbox 1210 1693 1336 1731; x_wconf 87' lang='lat' dir='ltr'>cau·</span> 
     </span>
     <span class='ocr_line' id='line_1_19' title="bbox 120 1756 1339 1840; baseline -0.003 -18"><span class='ocrx_word' id='word_1_121' title='bbox 120 1761 182 1823; x_wconf 67' lang='lat' dir='ltr'>&#39;sa</span> <span class='ocrx_word' id='word_1_122' title='bbox 211 1761 315 1837; x_wconf 83' lang='lat' dir='ltr'>est,</span> <span class='ocrx_word' id='word_1_123' title='bbox 359 1775 424 1819; x_wconf 85' lang='lat' dir='ltr'>ut</span> <span class='ocrx_word' id='word_1_124' title='bbox 454 1779 633 1840; x_wconf 89' lang='lat' dir='ltr'>neque</span> <span class='ocrx_word' id='word_1_125' title='bbox 662 1778 747 1833; x_wconf 87' lang='lat' dir='ltr'>ea,</span> <span class='ocrx_word' id='word_1_126' title='bbox 793 1769 945 1836; x_wconf 79' lang='lat' dir='ltr'>quae·</span> <span class='ocrx_word' id='word_1_127' title='bbox 964 1771 1115 1816; x_wconf 83' lang='lat' dir='ltr'>nunc</span> <span class='ocrx_word' id='word_1_128' title='bbox 1140 1756 1339 1835; x_wconf 88' lang='lat' dir='ltr'>sentio,</span> 
     </span>
     <span class='ocr_line' id='line_1_20' title="bbox 123 1845 1339 1926; baseline -0.004 -16"><span class='ocrx_word' id='word_1_129' title='bbox 123 1845 1218 1926; x_wconf 64' lang='lat' dir='ltr'>velim-»seribere‚quamobrem‚quoniam</span> <span class='ocrx_word' id='word_1_130' title='bbox 1235 1848 1339 1905; x_wconf 72' lang='lat' dir='ltr'>mi·</span> 
     </span>
     <span class='ocr_line' id='line_1_21' title="bbox 125 1931 1343 2009; baseline -0.003 -14"><span class='ocrx_word' id='word_1_131' title='bbox 125 1937 192 1996; x_wconf 84' lang='lat' dir='ltr'>hi</span> <span class='ocrx_word' id='word_1_132' title='bbox 224 1933 442 1994; x_wconf 84' lang='lat' dir='ltr'>nullum</span> <span class='ocrx_word' id='word_1_133' title='bbox 471 1931 740 1992; x_wconf 85' lang='lat' dir='ltr'>scribendi</span> <span class='ocrx_word' id='word_1_134' title='bbox 773 1947 1157 2009; x_wconf 81' lang='lat' dir='ltr'>argumentum</span> <span class='ocrx_word' id='word_1_135' title='bbox 1184 1932 1343 1992; x_wconf 87' lang='lat' dir='ltr'>relic·</span> 
     </span>
     <span class='ocr_line' id='line_1_22' title="bbox 125 2015 1343 2098; baseline -0.003 -16"><span class='ocrx_word' id='word_1_136' title='bbox 125 2039 258 2082; x_wconf 82' lang='lat' dir='ltr'>tum</span> <span class='ocrx_word' id='word_1_137' title='bbox 274 2017 372 2094; x_wconf 84' lang='lat' dir='ltr'>est,</span> <span class='ocrx_word' id='word_1_138' title='bbox 396 2033 522 2078; x_wconf 87' lang='lat' dir='ltr'>utar</span> <span class='ocrx_word' id='word_1_139' title='bbox 549 2039 612 2078; x_wconf 87' lang='lat' dir='ltr'>ea</span> <span class='ocrx_word' id='word_1_140' title='bbox 632 2015 887 2093; x_wconf 85' lang='lat' dir='ltr'>clausula,</span> <span class='ocrx_word' id='word_1_141' title='bbox 916 2037 1025 2098; x_wconf 88' lang='lat' dir='ltr'>qua</span> <span class='ocrx_word' id='word_1_142' title='bbox 1048 2015 1227 2091; x_wconf 88' lang='lat' dir='ltr'>soleo;</span> <span class='ocrx_word' id='word_1_143' title='bbox 1263 2035 1343 2078; x_wconf 82' lang='lat' dir='ltr'>te·</span> 
     </span>
     <span class='ocr_line' id='line_1_23' title="bbox 131 2103 1348 2188; baseline -0.003 -20"><span class='ocrx_word' id='word_1_144' title='bbox 131 2129 250 2188; x_wconf 78' lang='lat' dir='ltr'>que</span> <span class='ocrx_word' id='word_1_145' title='bbox 272 2106 343 2167; x_wconf 87' lang='lat' dir='ltr'>ad</span> <span class='ocrx_word' id='word_1_146' title='bbox 367 2104 598 2165; x_wconf 85' lang='lat' dir='ltr'>studium</span> <span class='ocrx_word' id='word_1_147' title='bbox 629 2103 865 2163; x_wconf 87' lang='lat' dir='ltr'>summae</span> <span class='ocrx_word' id='word_1_148' title='bbox 888 2103 1064 2163; x_wconf 82' lang='lat' dir='ltr'>laudis</span> <span class='ocrx_word' id='word_1_149' title='bbox 1088 2109 1348 2164; x_wconf 83' lang='lat' dir='ltr'>cohorta-</span> 
     </span>
     <span class='ocr_line' id='line_1_24' title="bbox 135 2189 1347 2268; baseline -0.004 -13"><span class='ocrx_word' id='word_1_150' title='bbox 135 2197 268 2255; x_wconf 91' lang='lat' dir='ltr'>bor.</span> <span class='ocrx_word' id='word_1_151' title='bbox 319 2191 396 2252; x_wconf 89' lang='lat' dir='ltr'>est</span> <span class='ocrx_word' id='word_1_152' title='bbox 409 2193 557 2251; x_wconf 87' lang='lat' dir='ltr'>enim</span> <span class='ocrx_word' id='word_1_153' title='bbox 573 2193 672 2251; x_wconf 87' lang='lat' dir='ltr'>tibi</span> <span class='ocrx_word' id='word_1_154' title='bbox 685 2192 869 2268; x_wconf 82' lang='lat' dir='ltr'>gravis</span> <span class='ocrx_word' id='word_1_155' title='bbox 884 2189 1186 2250; x_wconf 82' lang='lat' dir='ltr'>adversaria</span> <span class='ocrx_word' id='word_1_156' title='bbox 1207 2212 1347 2250; x_wconf 87' lang='lat' dir='ltr'>con-</span> 
     </span>
     <span class='ocr_line' id='line_1_25' title="bbox 141 2276 1351 2358; baseline -0.005 -17"><span class='ocrx_word' id='word_1_157' title='bbox 141 2281 356 2354; x_wconf 79' lang='lat' dir='ltr'>stituta,</span> <span class='ocrx_word' id='word_1_158' title='bbox 399 2294 455 2338; x_wconf 88' lang='lat' dir='ltr'>et</span> <span class='ocrx_word' id='word_1_159' title='bbox 485 2293 694 2358; x_wconf 78' lang='lat' dir='ltr'>parata,</span> <span class='ocrx_word' id='word_1_160' title='bbox 723 2276 1059 2336; x_wconf 85' lang='lat' dir='ltr'>incredibilis</span> <span class='ocrx_word' id='word_1_161' title='bbox 1085 2277 1351 2355; x_wconf 81' lang='lat' dir='ltr'>quaedam</span> 
     </span>
     <span class='ocr_line' id='line_1_26' title="bbox 143 2362 1354 2448; baseline -0.007 -21"><span class='ocrx_word' id='word_1_162' title='bbox 143 2365 483 2448; x_wconf 57' lang='lat' dir='ltr'>expectatio:</span> <span class='ocrx_word' id='word_1_163' title='bbox 501 2385 668 2443; x_wconf 86' lang='lat' dir='ltr'>quam</span> <span class='ocrx_word' id='word_1_164' title='bbox 683 2378 744 2423; x_wconf 90' lang='lat' dir='ltr'>tu</span> <span class='ocrx_word' id='word_1_165' title='bbox 761 2384 873 2421; x_wconf 81' lang='lat' dir='ltr'>una</span> <span class='ocrx_word' id='word_1_166' title='bbox 890 2383 946 2421; x_wconf 88' lang='lat' dir='ltr'>re</span> <span class='ocrx_word' id='word_1_167' title='bbox 961 2362 1215 2422; x_wconf 84' lang='lat' dir='ltr'>facillime</span> <span class='ocrx_word' id='word_1_168' title='bbox 1227 2363 1354 2421; x_wconf 78' lang='lat' dir='ltr'>vin·</span> 
     </span>
     <span class='ocr_line' id='line_1_27' title="bbox 147 2445 1358 2529; baseline -0.007 -16"><span class='ocrx_word' id='word_1_169' title='bbox 147 2473 266 2528; x_wconf 71' lang='grc' dir='ltr'>σεε,</span> <span class='ocrx_word' id='word_1_170' title='bbox 281 2450 323 2512; x_wconf 84' lang='lat' dir='ltr'>fi</span> <span class='ocrx_word' id='word_1_171' title='bbox 337 2455 447 2512; x_wconf 83' lang='lat' dir='ltr'>hoc</span> <span class='ocrx_word' id='word_1_172' title='bbox 464 2449 730 2509; x_wconf 81' lang='lat' dir='ltr'>statueris:</span> <span class='ocrx_word' id='word_1_173' title='bbox 748 2459 979 2529; x_wconf 65' lang='lat' dir='ltr'>quarum</span> <span class='ocrx_word' id='word_1_174' title='bbox 997 2446 1214 2506; x_wconf 83' lang='lat' dir='ltr'>laudum</span> <span class='ocrx_word' id='word_1_175' title='bbox 1234 2445 1358 2525; x_wconf 86' lang='lat' dir='ltr'>glo-</span> 
     </span>
     <span class='ocr_line' id='line_1_28' title="bbox 149 2533 1360 2618; baseline -0.005 -18"><span class='ocrx_word' id='word_1_176' title='bbox 149 2541 292 2602; x_wconf 77' lang='lat' dir='ltr'>riam</span> <span class='ocrx_word' id='word_1_177' title='bbox 307 2538 601 2615; x_wconf 78' lang='lat' dir='ltr'>adamatis,</span> <span class='ocrx_word' id='word_1_178' title='bbox 615 2538 816 2618; x_wconf 83' lang='lat' dir='ltr'>quibus</span> <span class='ocrx_word' id='word_1_179' title='bbox 832 2538 1044 2595; x_wconf 82' lang='lat' dir='ltr'>artibus</span> <span class='ocrx_word' id='word_1_180' title='bbox 1056 2553 1153 2593; x_wconf 86' lang='lat' dir='ltr'>eae</span> <span class='ocrx_word' id='word_1_181' title='bbox 1168 2533 1360 2595; x_wconf 75' lang='lat' dir='ltr'>laudes</span> 
     </span>
    </p>
   </div>
  </div>
 </body>
</html>
