1700 3059
370 153 418 209 Ε
442 155 483 209 Ρ
508 151 535 209 1
558 151 696 208 ST.
751 165 895 207 2113.
931 161 1076 208 νη.
1185 162 1302 222 321

106 271 169 312 re
184 250 375 328 cupio,
404 263 461 306 et
491 247 679 325 aliquo
700 248 1012 324 pervenire,
1045 243 1068 277 ‘
1091 245 1186 304 ubi
1207 265 1312 304 nec

104 338 129 372 ‘
157 335 543 413 Pelopidarum
558 351 892 406 nomen,nec
907 331 1048 390 faeta
1061 330 1320 392 audiam-3

104 418 431 483 incredibile
459 417 553 492 est,
574 437 739 496 quam
764 419 998 496 turpiter
1013 418 1150 476 mihi
1172 415 1320 477 face·

106 528 173 568 re
196 505 405 580 videar,
426 507 524 582 qui
546 505 633 562 his
650 505 809 561 rebus
826 501 1088 562 interfim.
1137 521 1240 561 nae
1255 517 1321 564 tu

106 591 323 653 videris
350 589 529 648 multo
560 603 688 647 ante
722 585 1015 668 providisse
1051 587 1185 667 quid
1215 589 1322 648 im-

88 677 381 759 -penderet
387 690 528 749 ,tum
544 695 668 734 cum
683 677 814 732 hinc
830 671 1320 754 profugisti.quan-

88 783 288 844 quam
323 763 474 820 enim
511 764 643 819 haec
688 761 853 818 etiam
891 757 1080 818 auditu
1124 761 1324 820 acerba

108 849 268 922 sunt,
290 862 474 906 tamen
490 845 677 905 audire
691 843 1026 904 tolerabilius
1041 843 1134 920 est,
1157 865 1327 925 quam

106 935 323 996 videre.
370 935 429 990 in
460 950 656 1010 campo
686 944 835 990 certe
865 950 983 989 non
1007 929 1174 1005 fuisti,
1195 951 1324 994 cum

88 1025 259 1081 hora
280 1016 536 1091 secunda,
566 1015 806 1076 comitiis
829 1013 1150 1095 quaestoriis
1171 1017 1324 1076 insti-

113 1108 283 1178 tutis,
303 1101 429 1161 sella
451 1111 527 1177 Q.
554 1102 810 1175 Maximi,
832 1121 997 1180 quem
1019 1101 1100 1160 illi
1123 1101 1326 1164 consu·

114 1194 228 1252 lem
245 1187 349 1248 ess'e
363 1187 639 1262 dicebant,
670 1184 843 1266 polita
857 1185 982 1246 esset
998 1208 1015 1245 z
1040 1206 1154 1266 quo
1170 1209 1325 1250 mor·

115 1271 656 1348 tuo‚nuntiato,sella
670 1270 876 1331 sublata
889 1271 983 1332 est.
1018 1272 1112 1332 ille
1123 1291 1330 1352 autem,

116 1363 221 1444 qui
236 1361 476 1421 comitiis
492 1359 711 1418 tributis
728 1355 854 1417 effitt
869 1356 1172 1438 auspicatus
1175 1381 1329 1435 ,cen-

122 1449 327 1510 tux-iata
358 1446 581 1505 habuit:
628 1441 906 1504 consulem
937 1448 1074 1504 hora
1100 1444 1334 1526 septima

121 1531 489 1606 renuntiavit,
508 1531 607 1609 qui
624 1528 794 1608 usque
810 1529 878 1588 ad
893 1527 1006 1589 kal.
1027 1537 1157 1607 Jan.
1173 1531 1330 1592 effet=

122 1639 269 1700 quae
283 1631 441 1677 erant
468 1615 682 1674 futurae
710 1635 874 1674 mane
905 1613 1179 1694 postridie.
1226 1621 1332 1694 ita,

124 1703 371 1764 Caninio
386 1699 631 1775 consule,
640 1699 776 1760 scito
792 1701 1068 1760 neminem
1084 1702 1332 1780 prandis-

124 1788 205 1850 se.
253 1787 393 1848 nihil
414 1803 597 1846 tamen
629 1805 697 1844 eo
727 1785 951 1846 consule
980 1786 1108 1846 mali
1133 1787 1335 1850 fastum

125 1873 229 1936 est.
273 1873 377 1933 fitit
391 1870 779 1933 enimmirifica
792 1871 1099 1949 vigilantia,
1122 1876 1218 1952 qui
1233 1874 1337 1937 suo

141 1975 271 2021 toto
308 1957 591 2018 consulatu
638 1955 892 2018 somnum
936 1978 1058 2018 non
1098 1959 1325 2023 viderit.

128 2051 267 2106 haec
280 2045 381 2102 tibi
396 2043 624 2102 ridicula
637 2041 919 2102 videntum
937 2063 1056 2102 non
1071 2045 1220 2104 enim
1235 2045 1335 2106 ad-

126 2152 215 2192 es·
258 2149 399 2209 quae
414 2127 453 2188 fi
474 2127 711 2203 videres,
739 2128 1012 2207 lacrymas
1034 2149 1154 2190 non
1177 2146 1338 2192 tene«
1389 2192 1396 2198 ‚

88 2251 97 2258 ·
128 2236 244 2277 res.
292 2213 429 2294 quid
445 2211 709 2273 ficaetera
737 2212 1003 2274 scribam?
1028 2214 1154 2275 sunt
1183 2219 1336 2278 enim

124 2299 551 2362 innumerabilia
564 2300 779 2376 generis
793 2299 1032 2378 ejusdem
1042 2321 1202 2381 tquae
1217 2305 1338 2380 qui-

132 2387 259 2447 dem
273 2399 377 2464 ego
396 2405 518 2445 non
541 2383 765 2460 ferrem,
787 2384 888 2445 nifi
909 2387 1072 2445 mein
1093 2386 1336 2467 philoso-

128 2473 295 2556 phiae
315 2485 540 2553 portum
568 2469 935 2551 contuliffem,
964 2486 1020 2534 et
1041 2469 1142 2534 nifi
1169 2475 1337 2536 habe·
