1700 3059
436 162 801 224 :Erls'n
850 175 996 222 ιη.
1033 176 1186 222 ιν..
1279 167 1416 250 1:65T

182 275 243 328 et
255 247 393 324 rivo
412 275 471 323 et
488 274 715 322 mortuo
736 262 928 321 omnia
941 263 994 320 ei
1009 259 1406 344 praestitimus..

184 347 334 414 v'ale.
379 348 437 410 d.
454 370 543 431 pr.
562 346 679 410 kal.
697 355 837 427 Jun.
859 353 1124 410 Athenis..

212 541 290 584 u.
315 541 381 584 τ.
404 541 463 582 c.
484 541 544 584 ι’.
575 542 880 584 melma
910 541 1182 586 rte-,uzo
1219 545 1272 588 s.
1298 545 1414 590 n..

107 599 161 645 13
268 612 580 686 Quaerenti
601 611 735 670 mihi
752 608 968 689 jamdiu
983 611 1124 692 quid
1136 613 1204 672 ad
1221 629 1276 674 te
1289 635 1416 694 p0·,

182 695 439 756 tissimum
471 694 779 772 scriberem,
800 717 921 757 non
951 698 1124 758 modo
1146 717 1292 760 certa
1307 721 1396 762 res

180 783 359 860 nulla,
372 780 465 842 sed
480 805 553 843 ne
566 805 743 862 genus
758 783 982 864 quidem
998 785 1277 849 literarum
1294 785 1408 856 usn-2

182 869 359 932 tutum
390 873 648 932 veniebat
668 873 731 932 in
752 887 1014 932 mentem.
1058 893 1226 934 unam
1243 879 1395 938 enim

181 971 415 1044 partem,
444 973 501 1016 et
524 955 982 1018 consuetudinem
994 979 1180 1020 earum
1193 959 1398 1041 episto-

184 1043 384 1119 larum,
405 1047 605 1124 quibus
628 1043 878 1104 secundis
901 1046 1064 1104 rebus
1085 1048 1170 1106 uti
1184 1045 1396 1109 soleba-

183 1145 551 1212 mus,tempus
564 1134 839 1212 eripuerat
847 1131 1274 1214 :perfeceratque
1287 1133 1402 1198 for·

185 1231 419 1292 tumme
432 1219 573 1298 quid·
584 1219 689 1280 tale
705 1217 934 1278 scribere
947 1215 1266 1300 poss'em,aut
1281 1241 1400 1286 om·

185 1305 330 1378 uiuo
343 1308 607 1384 cogitare.
626 1306 1036 1386 relinquebatur
1051 1306 1198 1367 triste
1214 1307 1397 1388 quod-

184 1390 338 1467 dam,
360 1409 417 1452 et
431 1392 709 1470 miserum,
724 1409 781 1452 et
795 1395 882 1453 his
901 1394 1238 1474 temporibus
1253 1415 1397 1458 con.-

183 1477 503 1544 lentant-um
534 1501 711 1560 genus
732 1479 1040 1540 literarum.
1087 1480 1145 1539 id
1169 1501 1404 1563 quoque,

184 1563 471 1630 deficiebat
500 1589 619 1629 met
663 1569 727 1628 in
756 1587 874 1647 quo
903 1566 1135 1627 debebat
1164 1565 1268 1628 effe
1297 1583 1396 1628 aut

186 1653 468 1735 promissio
489 1654 681 1716 auxilii
696 1653 954 1731 alicujus,
976 1669 1070 1714 aut
1083 1651 1400 1714 consolatio

188 1739 406 1800 doloris
436 1742 541 1801 tui.
587 1740 741 1822 quod
764 1739 1078 1821 pollicerer,
1115 1758 1234 1800 non
1257 1756 1401 1806 erat„

188 1824 305 1908 ipse
318 1828 465 1888 enim
480 1829 601 1908 pari
626 1827 856 1888 fortuna
878 1827 1143 1904 abjeelus„
1165 1826 1404 1892 anorum

188 1916 393 1994 opibus
423 1912 576 1976 casus
605 1933 761 1976 meos
788 1911 1178 1986 sustentabam3
1227 1913 1404 1997 stepi-

186 1998 362 2082 usque
390 2003 525 2062 mihi
552 2002 811 2062 veniebat
840 2003 902 2060 in
937 2015 1180 2062 mentem
1212 2003 1396 2082 queri,

182 2087 343 2170 quod
368 2089 449 2148 ita
475 2089 741 2166 viverem,
771 2107 940 2168 quam
961 2086 1220 2166 gaudere,
1240 2087 1396 2170 quod

182 2176 454 2238 viverem.
501 2193 817 2256 quanquam
846 2176 998 2234 enim
1027 2172 1181 2234 nulla
1201 2177 1394 2256 meip-

182 2257 305 2322 sum
340 2263 603 2343 privatim
638 2259 854 2344 pepulit
887 2259 1114 2340 infignis
1147 2261 1350 2339 injuria
1370 2281 1391 2322 t

182 2369 290 2408 nec
308 2350 446 2408 mihi
462 2347 767 2428 quidquam
781 2345 880 2408 tali
895 2363 1146 2427 tempore
1158 2349 1219 2406 in
1236 2367 1396 2406 men·

183 2449 297 2496 tem
326 2436 484 2496 venit
511 2451 726 2515 optare,
748 2433 905 2514 quod
935 2455 1054 2494 non
1085 2432 1236 2492 ultro
1257 2433 1402 2498 mihi

182 2519 383 2603 Caesar
402 2517 690 2592 detuleritz
722 2537 908 2586 tamen
937 2517 1412 2614 nihilomiuus-ciffi
