1700 3059
416 157 744 216 EPIST.
800 173 1139 218 umvnr.
1233 178 1353 238 341

156 269 321 332 turpe
336 251 437 312 tibi
454 254 559 313 erit
572 255 868 331 pantheras
885 259 1122 316 Graecas
1137 275 1226 332 rne
1237 276 1362 318 non

154 340 381 400 habere.
424 338 566 400 vale.

374 527 679 571 crannus
717 527 1066 573 cicssnom
1106 531 1158 571 ε.

98 613 134 660 7
254 603 435 670 Quam
456 597 573 655 cito
594 611 655 656 tu
684 596 842 658 istinc
871 597 1128 656 decedere
1157 598 1366 678 cupias,

141 679 349 743 nescio
364 703 380 739 ε
404 701 511 758 ego
526 682 747 760 quidem
762 703 831 742 eo
846 684 1044 759 magis,
1061 702 1176 760 quo
1191 685 1368 743 adhue

158 768 377 828 felicius
394 787 506 826 rem
522 765 731 843 gess'isti.
744 766 876 826 dum
893 767 1006 826 istic
1021 769 1152 842 eris,
1170 768 1238 827 de
1251 768 1368 828 bel·

158 853 209 914 li
231 854 473 912 Parthici
501 852 746 931 periculo
778 853 1090 926 cruciabor,
1120 873 1192 912 ne
1219 857 1371 913 hunc

134 971 143 979 ·
162 936 333 1000 risum
348 957 527 996 meum
540 953 716 998 metus
732 938 900 1016 aliqui
917 940 1216 1018 perturbet.
1245 942 1373 998 bre-

164 1025 357 1084 viores
370 1025 467 1081 has
488 1022 679 1082 literas
702 1024 1024 1103 properanti
1052 1023 1375 1102 publicano-

166 1129 299 1169 rum
336 1107 618 1166 tabellario
640 1106 821 1168 subito
850 1108 1006 1167 dodi:
1039 1123 1140 1170 tuo
1169 1108 1375 1170 liberto

140 1225 150 1230 -
169 1196 425 1275 pluribus
447 1193 631 1252 verbis
651 1191 874 1273 scriptas
896 1193 1071 1273 pridie
1097 1193 1374 1256 dederam.

136 1286 267 1340 stes
290 1293 473 1338 autem
494 1297 675 1337 novae
694 1278 878 1337 nullae
899 1273 1022 1337 fine
1039 1277 1380 1356 acciderunt,

138 1399 148 1404 -
172 1363 279 1426 nifi
298 1367 435 1423 haec
465 1364 551 1423 vis
580 1365 681 1424 tibi
712 1359 898 1437 scribi,
927 1384 1068 1443 quae
1095 1381 1240 1424 certe
1267 1367 1380 1427 viz.

176 1448 515 1510 Cornificius
555 1445 868 1508 adolescens
900 1447 1180 1508 Orestillae
1215 1449 1385 1512 filiam

174 1535 279 1597 fibi
294 1531 605 1611 despondit.
632 1535 798 1593 Paula
812 1533 1060 1608 Valeria,
1075 1532 1233 1596 {brot
1245 1537 1387 1596 Tri·

141 1674 149 1682 .
176 1621 309 1695 arii,
336 1619 637 1679 divortium
666 1617 779 1678 fine
806 1617 987 1693 causa,
1016 1638 1132 1697 quo
1147 1619 1235 1680 die
1249 1623 1386 1682 vire

179 1707 479 1788 provincia
488 1719 761 1764 venturus
774 1699 911 1779 erat,
944 1703 1098 1764 fecit.
1147 1721 1392 1786 nuptura

180 1790 263 1852 est
276 1799 355 1851 D.
373 1797 569 1850 Bruto.
616 1790 870 1850 nondum
900 1789 1174 1850 retulerat.
1219 1791 1395 1851 multa

144 1911 155 1918 -
180 1881 250 1938 in
266 1879 377 1936 hoc
389 1895 590 1955 genere
611 1873 974 1950 incredibilia,
995 1890 1050 1932 te
1067 1871 1287 1935 absente
1299 1897 1393 1937 ac-

144 2007 151 2014 ·
185 1962 467 2023 ciderunt.
509 1962 730 2020 Servius
746 1959 930 2019 Ocella
953 1962 1164 2019 nemini
1177 1959 1394 2040 persua·

146 2081 157 2090 -
186 2045 331 2108 fiffet
353 2044 407 2105 se
418 2049 710 2106 moechum
724 2043 854 2119 eise,
876 2043 977 2103 nifi
993 2045 1177 2104 triduo
1199 2048 1283 2106 bis
1299 2047 1396 2107 de·

188 2130 490 2214 prehensus
507 2128 656 2190 effet.
686 2147 920 2209 quaeres
944 2131 1066 2190 ubi?
1097 2132 1189 2190 ubi
1205 2134 1400 2193 hercu-

149 2262 158 2273 .
186 2219 247 2278 le
263 2237 370 2294 ego
386 2218 615 2276 minime
627 2214 823 2275 vellem
830 2213 1106 2294 :relinquo
1122 2218 1220 2276 tibi
1222 2213 1404 2296 ‚q'uod

186 2306 265 2363 ab
298 2301 423 2360 aliis
457 2319 710 2380 quaeras.
762 2320 944 2380 neque
971 2303 1119 2360 enim
1155 2300 1406 2381 displicet

194 2389 360 2464 mihi,
388 2389 770 2467 imperatorem
800 2381 1044 2463 fingulos
1067 2389 1407 2466 percontari,

144 2492 333 2536 :cum
340 2491 457 2555 qua
466 2469 535 2535 fit
546 2471 719 2556 aliqui
738 2469 1128 2554 deprehensus.
1173 2471 1316 2536 vale.
