1700 3059
430 226 758 284 EPIST.
811 242 959 284 mn.
1000 243 1065 285 v·
1246 243 1359 305 197

147 326 371 398 bebam,
407 344 558 384 eram
589 322 822 398 nescius,
845 326 1073 404 quantis
1105 327 1369 386 oneribus

149 430 460 492 premerere
475 408 836 490 susceptarum
853 431 1060 486 rerum,
1080 413 1260 490 etjam
1278 414 1371 472 in-

154 496 497 558 stitutarum:
524 495 612 555 sed
637 498 766 575 quia
784 498 1039 558 videbam
1060 499 1237 560 Italici
1254 498 1371 558 bel-

152 583 196 643 li
223 599 282 642 et
311 583 491 642 civilis
524 581 799 642 historiam
825 585 946 660 jam
962 606 995 644 a
1012 599 1068 642 te
1090 605 1231 663 pene
1262 583 1369 646 effe

153 667 477 750 perfodiam,
515 669 734 730 dixeras
764 685 945 730 autem
976 671 1111 730 mihi
1150 686 1205 730 te
1240 671 1371 731 reli·

155 777 296 836 quas
313 776 402 816 res
423 756 632 828 ordiri;
657 754 830 816 deeffe
860 757 995 816 mih-i
1024 756 1205 832 nolui,
1228 760 1369 838 quin

156 859 217 904 te
232 844 610 917 admonerem,
625 857 688 900 ut
701 843 993 920 cogitares,
1002 845 1376 920 conjunciene

157 929 354 992 malles
369 949 496 990 eum
513 929 740 1007 reliquis
756 931 917 990 rebus
934 929 1117 990 nostra
1130 945 1369 992 contex-

155 1037 270 1092 ere,
290 1039 387 1090 an,
409 1031 476 1074 ut
485 1016 648 1076 multi
665 1017 863 1075 Graeci
877 1015 1151 1092 fecerunt,
1174 1013 1369 1076 Callis·

157 1107 360 1164 thenes
392 1103 668 1163 Troicum
689 1099 918 1178 bellum,
940 1103 1209 1162 Timaeus
1232 1109 1370 1180 Pyr·

158 1191 274 1266 rhi,
299 1187 564 1267 Polybius
590 1189 1033 1250 Numantinum:
1057 1190 1156 1269 qui
1172 1208 1369 1250 omnes

159 1298 196 1338 a
225 1277 504 1356 perpetuis
534 1273 642 1335 suis
672 1273 909 1336 historiis
939 1297 1023 1352 ea,
1060 1295 1199 1356 quae
1228 1275 1373 1352 dixi,

159 1363 312 1426 bella
325 1362 736 1443 separaverunt=
769 1377 830 1420 tu
845 1382 1070 1442 quoque
1085 1366 1215 1424 item
1232 1365 1373 1424 civi·

161 1451 273 1510 lem
305 1449 751 1527 conjurationem
774 1451 844 1508 ab
872 1448 1157 1510 hostilibus
1186 1465 1375 1508 exter·

162 1534 360 1617 nisque
374 1535 530 1595 bellis
544 1533 850 1614 sejungeres
860 1581 873 1595 .
890 1536 1143 1614 equidem
1158 1534 1225 1595 ad
1243 1533 1375 1595 nos·

161 1638 310 1683 tram
325 1621 538 1682 laudem
557 1642 675 1682 non
700 1621 933 1681 multum
956 1623 1123 1682 video
1146 1618 1377 1680 interes-

164 1709 252 1772 se:
273 1707 360 1768 sed
377 1707 445 1766 ad
461 1710 909 1789 properationem
924 1729 1097 1769 meam
1114 1707 1375 1787 quiddam

168 1793 418 1869 interest,
443 1816 562 1854 non
580 1811 636 1854 te
659 1799 945 1876 expee'tare
960 1795 1090 1854 dum
1108 1794 1175 1854 ad
1190 1794 1377 1854 locum

168 1883 392 1956 venias,
425 1903 488 1941 ac
505 1879 682 1940 statim
706 1880 919 1942 causam
932 1881 1081 1940 illam
1098 1897 1297 1955 totam,
1320 1895 1379 1940 et

169 1985 392 2049 tmpus
409 1970 666 2048 arripere.
713 1984 768 2026 et
785 1967 939 2028 fimul
954 1967 991 2026 fi
1007 1990 1123 2028 uno
1142 1970 1200 2028 in
1216 1988 1381 2045 argu·

170 2071 392 2130 mente,
414 2074 634 2132 unaque
650 2057 710 2112 in
726 2051 957 2134 persona
972 2075 1127 2113 mens
1148 2071 1243 2114 tua
1259 2068 1382 2114 tota

170 2139 500 2215 versabitur,
512 2142 804 2218 cernojam
821 2143 1251 2219 animo‚quanto
1268 2160 1385 2200 om·

173 2230 274 2289 nia
290 2230 545 2288 uberiora
568 2243 732 2305 atque
755 2228 1039 2287 ornatiora
1056 2226 1238 2286 futura
1253 2226 1380 2289 fint.

176 2334 363 2392 neque
392 2330 574 2372 tamen
599 2315 1013 2391 ignor0,·quam
1036 2313 1390 2392 impudenter

169 2400 404 2476 faciam,
427 2402 524 2480 qui
555 2401 791 2478 primum
824 2401 927 2458 tibi
958 2415 1173 2458 tantum
1196 2400 1388 2460 oneris

177 2484 687 2567 imponam‚<potest
701 2489 853 2548 enim
865 2487 1001 2545 mihi
1015 2484 1281 2562 denegare
1298 2505 1392 2545 oc-

174 2575 404 2656 eupatio
436 2576 559 2651 tua)
584 2572 780 2641 deinde
803 2575 991 2652 etiam,
1010 2587 1073 2634 ut
1092 2591 1259 2632 ornes
1274 2591 1386 2650 me,
