1700 3059
400 185 407 194 ·
460 171 509 230 E
534 173 577 230 P
599 166 682 228 18
704 170 790 231 Τ,
840 181 994 230 nn:
1016 159 1150 226 1v'.·
1257 157 1376 224 161

153 284 291 330 cum
306 266 657 347 Theophilus
672 263 1129 347 proficisceretur,
1139 285 1258 324 non
1273 281 1386 344 po}

150 358 245 416 tui
262 355 401 416 nihil
430 357 482 416 ei
514 352 797 414 literarum
826 353 978 414 dare.
1028 371 1160 414 cura
1183 354 1387 430 igitur,

155 457 231 504 ut
253 463 421 522 quam
444 442 683 522 primum
712 442 930 502 venias.
973 441 1168 500 venies
1197 440 1386 513 enlm,-

156 528 498 606 mihicrede,
520 531 801 609 expediam
809 549 859 603 8,
882 547 1064 607 neque
1079 524 1254 585 solum
1268 545 1382 586 no-

126 617 277 692 ‚bi³,
314 614 373 675 id
401 613 497 692 est,
537 618 672 688 tuiz,
717 613 807 674 std
838 612 1061 694 prorsus
1087 614 1376 675 omnibus.
1419 643 1426 650 ·

156 702 325 764 venit
354 704 503 762 enim
535 703 672 763 mihi
702 701 761 760 in
792 715 1060 774 mentem,
1104 697 1380 766 subvereri

155 788 471 864 interdum,
501 809 574 849 ne
603 803 659 848 te
686 787 914 847 delectet
943 785 1098 847 tarda
1123 787 1380 850 decemo.

158 875 320 957 quod
334 873 375 935 fi
388 875 605 936 nullum
626 877 856 934 haberes
883 871 1098 934 sensum
1121 872 1220 934 nifi
1243 893 1382 934 oeu-

159 963 371 1036 lorum,
392 960 629 1042 prorsus·
642 962 744 1022 tibi
766 959 1128 1038 ignoscerem,
1158 959 1197 1020 fi
1211 957 1380 1041 quos·

161 1049 297 1110 dam
310 1107 315 1112 ,
327 1049 509 1110 nolles
534 1047 757 1121 videre3
784 1045 877 1107 sed
885 1068 1015 1106 cum
1031 1047 1244 1106 leviora
1259 1065 1381 1108 non

160 1135 347 1198 multo
362 1134 535 1198 effent
547 1155 689 1214 quae
696 1133 1041 1209 audirentur,
1058 1154 1226 1214 quam
1241 1151 1386 1212 quae

161 1223 517 1297 viderentur3
535 1221 831 1302 suspicarer
845 1243 912 1280 au
919 1236 1028 1280 tem
1043 1221 1278 1282 multum
1293 1221 1383 1280 in·

164 1307 357 1373 teress’e
386 1312 466 1369 rei
495 1308 777 1370 familiaris
808 1323 957 1384 tuae,
987 1323 1041 1368 te
1071 1328 1236 1388 quam
1267 1309 1383 1388 pri·

164 1398 545 1471 mumvenire3
566 1397 732 1477 idque
746 1399 806 1455 in
824 1415 1018 1456 omnes
1034 1410 1218 1475 partes
1232 1394 1384 1468 valcq

166 1499 286 1558 ,τας
313 1485 505 1565 putavi
520 1505 584 1544 ea
599 1483 667 1544 de
684 1503 743 1542 re
757 1499 813 1543 te
826 1480 928 1542 effe
945 1481 1380 1543 admonendum.

167 1570 261 1633 sed
275 1573 563 1652 quoniam,
587 1569 742 1651 quod
763 1569 901 1630 mihi
918 1567 1176 1648 placeret,
1199 1568 1384 1644 osten?

168 1658 229 1720 di
243 1679 263 1732 ς
291 1658 503 1738 reliqua
520 1673 581 1716 tu
598 1676 703 1736 pro
716 1671 814 1714 tua
827 1653 1120 1736 prudentia
1136 1652 1385 1715 confide·

168 1745 357 1806 rabis:
389 1763 479 1806 me
499 1758 683 1804 tamen
702 1744 893 1816 velim,
913 1740 1066 1820 quod
1081 1740 1149 1802 ad
1164 1756 1382 1822 tempus

170 1835 559 1912 reexpestanu
567 1851 615 1908 s,
636 1831 930 1903 certiorem
943 1827 1133 1890 facias.
1180 1828 1324 1890 vale.

180 1999 253 2068 ir.
287 2023 715 2066 MARCELLUS
749 2025 822 2066 M.
850 2023 1193 2066 cxcmom
1225 2027 1279 2066 s.
1313 2023 1382 2082 n,

92 2106 143 2144 11
261 2091 559 2153 Plurimum
574 2090 796 2152 valuiss'e
812 2090 961 2171 apud
977 2111 1064 2151 me
1079 2105 1230 2151 tuam
1247 2089 1387 2150 sem-

172 2199 273 2261 per
302 2179 714 2254 auctoritatem,
736 2199 865 2240 cum
895 2179 956 2238 in
982 2180 1140 2236 omni
1163 2199 1242 2254 re,
1266 2194 1389 2259 tum

172 2268 235 2328 in
255 2269 365 2327 hoc
379 2266 621 2328 maxime
636 2265 865 2344 negotio
882 2279 1043 2346 potes
1058 2263 1387 2324 existimare.

174 2375 301 2415 cum
314 2355 455 2416 mihi
468 2359 539 2412 C.
560 2351 823 2412 Marcellu
830 2371 880 2428 S,
907 2349 1078 2411 frater
1093 2371 1252 2410 aman
1259 2349 1390 2408 tiffi-

172 2460 301 2502 mus
316 2441 421 2500 mei
429 2482 450 2516 ,
479 2459 598 2498 non
615 2438 793 2506 solum
806 2437 1096 2499 confilium
1111 2436 1285 2511 daret,
1300 2432 1390 2495 sed

170 2528 459 2610 precibus,
482 2546 708 2610 quoque
748 2546 837 2585 me
875 2523 1183 2607 obsecraret
1200 2544 1222 2602 ς
1271 2540 1401 2605 non·
