1700 3059
404 160 731 218 EPIST.
784 173 926 216 ιη.
963 172 1088 216 tu.
1267 148 1351 222 89

145 254 221 315 ria
232 267 292 314 et
304 273 381 314 ex
396 255 701 316 multorum
720 253 1060 316 sermonibus
1075 249 1356 332 intelligo,

143 344 331 401 omnia
348 361 493 421 quae
508 363 541 401 a
555 362 645 401 me
663 342 906 422 profeAEta
927 340 1053 402 sunt
1067 343 1126 400 in
1143 357 1222 414 te,
1250 333 1354 400 tibi

140 425 393 488 accidisse
404 427 717 505 gratiffima.
732 429 888 509 quod
903 449 1028 488 cum
1043 431 1122 488 ita
1135 426 1352 508 fit,per·

136 513 319 574 ficiam
346 514 626 596 profecto,
654 531 718 575 ut
742 515 902 593 longi
935 517 1200 596 temporis
1224 510 1352 573 usu-

136 621 393 680 ram,qua
408 601 1000 677 caruiinusjntermiffa
1013 601 1196 664 nostra
1209 620 1352 664 con·

134 685 427 748 suetudine
438 703 497 747 et
510 689 707 766 gratia,
726 704 783 748 et
798 688 1110 750 celebritate
1123 704 1180 750 et
1193 709 1350 766 mag·

136 773 395 834 nitudine
408 774 713 836 officiorum
729 796 980 836 meorum
995 775 1212 838 fficiam
1226 799 1244 836 ε
1259 774 1350 836 id-

134 879 246 940 que
260 881 352 920 me
367 859 667 940 (quoniam
682 877 743 921 tu
758 863 835 921 ita
850 865 1105 943 vis)puto
1121 883 1242 924 non
1257 865 1350 922 in-

133 949 255 1008 vita
276 950 541 1008 Minerva
566 947 669 1008 esse
694 947 1000 1010 fleturum:
1023 971 1190 1029 quam
1219 950 1348 1028 qui-

132 1034 263 1093 dem
280 1053 413 1111 ego,
435 1032 636 1094 fiforte
665 1033 735 1096 de
758 1035 870 1094 tuis
899 1033 1196 1116 sumpsero,
1225 1055 1348 1096 non

133 1118 315 1180 solum
330 1119 575 1196 Pallada,
602 1119 693 1180 sed
708 1123 874 1181 etiam
901 1121 1146 1203 Appinda
1163 1123 1350 1182 nomi-

130 1209 311 1266 nabo.
362 1206 535 1282 Cilix,
568 1207 799 1268 libertus
830 1223 986 1284 tuus,
1021 1224 1184 1268 antea
1211 1207 1352 1270 mihi

130 1295 321 1354 minus
351 1291 459 1352 suit
482 1309 687 1354 notus:
720 1293 809 1354 sed
824 1311 888 1354 ut
909 1297 1044 1356 mihi
1067 1293 1350 1356 reddidita

132 1395 189 1438 te
204 1379 401 1440 literas
426 1380 619 1460 plenas
634 1397 689 1442 et
703 1382 932 1458 amoris,
953 1397 1010 1442 et
1029 1382 1220 1458 officii,
1241 1383 1350 1442 mi·

134 1464 291 1528 rifice
307 1464 419 1548 ipse
432 1465 531 1526 suo
552 1464 803 1528 sermone
824 1466 1132 1530 fiibsecutus
1155 1467 1231 1528 est
1245 1471 1352 1528 hu-

133 1555 467 1614 manitatem
500 1553 781 1614 literarum
808 1570 1048 1618 tuarum.
1102 1553 1354 1632 jucunda

130 1642 279 1702 mihi
294 1640 419 1718 ejus
446 1642 627 1702 oratio
648 1640 777 1716 fuit,
798 1663 928 1701 cum
939 1641 1008 1701 de
1023 1644 1212 1700 animo
1223 1657 1354 1718 tuo,

135 1747 273 1788 cum
286 1726 362 1784 de
389 1724 753 1803 sermonibus,
782 1747 926 1805 quos
949 1727 1018 1788 de
1031 1748 1118 1786 me
1129 1728 1356 1791 haberes

136 1810 424 1893 quotidie,
444 1815 579 1874 mihi
610 1829 878 1874 narraret.
925 1813 1061 1892 quid
1091 1815 1351 1894 quaeris?

136 1898 321 1960 biduo
348 1897 523 1960 faetus
552 1899 629 1960 est
652 1902 791 1960 mihi
819 1898 1134 1962 familiaris:
1159 1903 1236 1960 ita
1268 1917 1359 1962 ta·

138 2007 277 2047 men
294 2001 359 2046 ut
372 1989 633 2046 Phaniam
644 1986 805 2046 valde
816 1985 916 2046 fim
930 1987 1350 2064 defideraturutg

144 2093 319 2153 quem
346 2093 473 2132 cum
504 2080 741 2134 Romam
766 2075 1040 2150 remittes,
1068 2074 1230 2153 quod
1260 2072 1358 2144 (ut

138 2159 505 2241 putabamus)
530 2160 775 2224 celeriter
797 2180 922 2220 eras
937 2160 1200 2236 facturus,
1229 2181 1356 2226 om?

146 2247 325 2306 nibus
346 2246 399 2304 ei
418 2244 695 2320 derebus,
724 2249 986 2324 quasagi,
1018 2267 1158 2326 quas
1173 2247 1358 2310 curari

140 2353 183 2394 a
195 2351 286 2394 me
297 2329 479 2407 voles,
498 2331 757 2396 mandata
769 2332 864 2392 des
879 2333 1069 2401 velim.
1095 2339 1166 2392 L.
1186 2331 1358 2402 Vale-

144 2415 759 2496 rium.jurisconsulmm
782 2419 938 2480 valde
958 2422 1058 2478 tibi
1075 2437 1360 2486 commen?

146 2505 225 2570 do
242 2503 473 2572 dedita
486 2507 675 2584 etiam,
696 2503 737 2562 fi
758 2525 882 2564 non
904 2503 978 2566 est
1001 2500 1372 2584 jurisconsult-
