<?xml version="1.0" encoding="UTF-8"?>
<!DOCTYPE html PUBLIC "-//W3C//DTD XHTML 1.0 Transitional//EN"
    "http://www.w3.org/TR/xhtml1/DTD/xhtml1-transitional.dtd">
<html xmlns="http://www.w3.org/1999/xhtml" xml:lang="en" lang="en">
 <head>
  <title>
</title>
<meta http-equiv="Content-Type" content="text/html;charset=utf-8" />
  <meta name='ocr-system' content='tesseract 3.04.00' />
  <meta name='ocr-capabilities' content='ocr_page ocr_carea ocr_par ocr_line ocrx_word'/>
</head>
<body>
  <div class='ocr_page' id='page_1' title='image "./mtulliiciceroni10unkngoog/mtulliiciceroni10unkngoog_0162.png"; bbox 0 0 1700 3059; ppageno 0'>
   <div class='ocr_carea' id='block_1_1' title="bbox 376 93 1373 214">
    <p class='ocr_par' dir='ltr' id='par_1_1' title="bbox 376 93 1373 214">
     <span class='ocr_line' id='line_1_1' title="bbox 376 93 1373 214; baseline -0.008 -14"><span class='ocrx_word' id='word_1_1' title='bbox 376 155 497 214; x_wconf 80' lang='lat'>152</span> <span class='ocrx_word' id='word_1_2' title='bbox 587 136 715 210; x_wconf 72' lang='lat' dir='ltr'>An</span> <span class='ocrx_word' id='word_1_3' title='bbox 759 93 1373 194; x_wconf 72' lang='lat' dir='ltr'>FAMILIARES</span> 
     </span>
    </p>
   </div>
   <div class='ocr_carea' id='block_1_2' title="bbox 205 231 1596 316">
    <p class='ocr_par' dir='ltr' id='par_1_2' title="bbox 205 231 1596 316">
     <span class='ocr_line' id='line_1_2' title="bbox 205 231 1596 316; baseline -0.007 -11"><span class='ocrx_word' id='word_1_4' title='bbox 205 273 211 278; x_wconf 90' lang='lat'><strong>·</strong></span> <span class='ocrx_word' id='word_1_5' title='bbox 304 313 307 316; x_wconf 84' lang='lat'><strong>.</strong></span> <span class='ocrx_word' id='word_1_6' title='bbox 356 241 575 302; x_wconf 65' lang='lat' dir='ltr'>levaret</span> <span class='ocrx_word' id='word_1_7' title='bbox 586 261 605 298; x_wconf 78' lang='lat' dir='ltr'>t</span> <span class='ocrx_word' id='word_1_8' title='bbox 630 235 701 298; x_wconf 83' lang='lat' dir='ltr'>fic</span> <span class='ocrx_word' id='word_1_9' title='bbox 715 256 870 296; x_wconf 84' lang='lat' dir='ltr'>nunc</span> <span class='ocrx_word' id='word_1_10' title='bbox 885 234 1056 298; x_wconf 86' lang='lat' dir='ltr'>domo</span> <span class='ocrx_word' id='word_1_11' title='bbox 1069 231 1334 296; x_wconf 79' lang='lat' dir='ltr'>moeren&#39;s</span> <span class='ocrx_word' id='word_1_12' title='bbox 1349 233 1434 296; x_wconf 76' lang='lat' dir='ltr'>ad</span> <span class='ocrx_word' id='word_1_13' title='bbox 1449 255 1596 296; x_wconf 70' lang='lat' dir='ltr'>nem·</span> 
     </span>
    </p>
   </div>
   <div class='ocr_carea' id='block_1_3' title="bbox 334 319 1642 2220">
    <p class='ocr_par' dir='ltr' id='par_1_3' title="bbox 334 319 1642 2220">
     <span class='ocr_line' id='line_1_3' title="bbox 342 319 1594 409; baseline -0.006 -21"><span class='ocrx_word' id='word_1_14' title='bbox 342 327 641 409; x_wconf 80' lang='lat' dir='ltr'>:publicam</span> <span class='ocrx_word' id='word_1_15' title='bbox 670 319 972 399; x_wconf 78' lang='lat' dir='ltr'>confugere</span> <span class='ocrx_word' id='word_1_16' title='bbox 999 319 1239 402; x_wconf 63' lang='lat' dir='ltr'>possum,</span> <span class='ocrx_word' id='word_1_17' title='bbox 1279 336 1345 382; x_wconf 90' lang='lat' dir='ltr'>ut</span> <span class='ocrx_word' id='word_1_18' title='bbox 1377 323 1448 382; x_wconf 78' lang='lat' dir='ltr'>in</span> <span class='ocrx_word' id='word_1_19' title='bbox 1469 322 1594 400; x_wconf 81' lang='lat' dir='ltr'>ejus</span> 
     </span>
     <span class='ocr_line' id='line_1_4' title="bbox 362 407 1594 490; baseline -0.006 -15"><span class='ocrx_word' id='word_1_20' title='bbox 362 417 532 476; x_wconf 79' lang='lat' dir='ltr'>bonis</span> <span class='ocrx_word' id='word_1_21' title='bbox 562 407 927 490; x_wconf 80' lang='lat' dir='ltr'>acquiescam:</span> <span class='ocrx_word' id='word_1_22' title='bbox 977 409 1165 488; x_wconf 78' lang='lat' dir='ltr'>itaque</span> <span class='ocrx_word' id='word_1_23' title='bbox 1197 423 1257 467; x_wconf 86' lang='lat' dir='ltr'>et</span> <span class='ocrx_word' id='word_1_24' title='bbox 1284 407 1470 468; x_wconf 87' lang='lat' dir='ltr'>domo</span> <span class='ocrx_word' id='word_1_25' title='bbox 1495 409 1594 468; x_wconf 80' lang='lat' dir='ltr'>ab·</span> 
     </span>
     <span class='ocr_line' id='line_1_5' title="bbox 362 493 1592 575; baseline -0.004 -14"><span class='ocrx_word' id='word_1_26' title='bbox 362 501 505 574; x_wconf 87' lang='lat' dir='ltr'>sum,</span> <span class='ocrx_word' id='word_1_27' title='bbox 544 513 599 558; x_wconf 87' lang='lat' dir='ltr'>et</span> <span class='ocrx_word' id='word_1_28' title='bbox 632 497 785 570; x_wconf 82' lang='lat' dir='ltr'>foro,</span> <span class='ocrx_word' id='word_1_29' title='bbox 826 493 980 575; x_wconf 87' lang='lat' dir='ltr'>quod</span> <span class='ocrx_word' id='word_1_30' title='bbox 1010 515 1115 554; x_wconf 86' lang='lat' dir='ltr'>nec</span> <span class='ocrx_word' id='word_1_31' title='bbox 1142 515 1272 554; x_wconf 87' lang='lat' dir='ltr'>eum</span> <span class='ocrx_word' id='word_1_32' title='bbox 1300 493 1592 570; x_wconf 85' lang='lat' dir='ltr'>dolorem,</span> 
     </span>
     <span class='ocr_line' id='line_1_6' title="bbox 347 579 1588 665; baseline -0.002 -21"><span class='ocrx_word' id='word_1_33' title='bbox 347 607 527 665; x_wconf 78' lang='lat' dir='ltr'>‚quem</span> <span class='ocrx_word' id='word_1_34' title='bbox 544 607 575 644; x_wconf 88' lang='lat' dir='ltr'>a</span> <span class='ocrx_word' id='word_1_35' title='bbox 588 582 868 664; x_wconf 86' lang='lat' dir='ltr'>republica</span> <span class='ocrx_word' id='word_1_36' title='bbox 882 581 1066 660; x_wconf 87' lang='lat' dir='ltr'>capio,</span> <span class='ocrx_word' id='word_1_37' title='bbox 1081 580 1284 642; x_wconf 80' lang='lat' dir='ltr'>domus</span> <span class='ocrx_word' id='word_1_38' title='bbox 1298 579 1430 658; x_wconf 87' lang='lat' dir='ltr'>jam</span> <span class='ocrx_word' id='word_1_39' title='bbox 1447 602 1588 641; x_wconf 86' lang='lat' dir='ltr'><strong>con·</strong></span> 
     </span>
     <span class='ocr_line' id='line_1_7' title="bbox 360 665 1585 753; baseline -0.005 -19"><span class='ocrx_word' id='word_1_40' title='bbox 360 673 525 734; x_wconf 87' lang='lat' dir='ltr'>solari</span> <span class='ocrx_word' id='word_1_41' title='bbox 541 669 739 753; x_wconf 88' lang='lat' dir='ltr'>potest,</span> <span class='ocrx_word' id='word_1_42' title='bbox 762 689 866 728; x_wconf 85' lang='lat' dir='ltr'>nec</span> <span class='ocrx_word' id='word_1_43' title='bbox 879 665 1236 727; x_wconf 80' lang='lat' dir='ltr'>domesticum</span> <span class='ocrx_word' id='word_1_44' title='bbox 1249 665 1585 748; x_wconf 78' lang='lat' dir='ltr'>respublica.</span> 
     </span>
     <span class='ocr_line' id='line_1_8' title="bbox 346 754 1583 840; baseline -0.003 -21"><span class='ocrx_word' id='word_1_45' title='bbox 346 779 479 840; x_wconf 77' lang='lat' dir='ltr'>‹quo</span> <span class='ocrx_word' id='word_1_46' title='bbox 495 762 669 836; x_wconf 81' lang='lat' dir='ltr'>magis</span> <span class='ocrx_word' id='word_1_47' title='bbox 686 759 1008 836; x_wconf 63' lang='lat' dir='ltr'>te-expeEtO,</span> <span class='ocrx_word' id='word_1_48' title='bbox 1025 761 1192 833; x_wconf 81' lang='lat' dir='ltr'>teque</span> <span class='ocrx_word' id='word_1_49' title='bbox 1205 754 1583 834; x_wconf 68' lang='lat' dir='ltr'>vida-equam</span> 
     </span>
     <span class='ocr_line' id='line_1_9' title="bbox 360 839 1582 927; baseline -0.003 -23"><span class='ocrx_word' id='word_1_50' title='bbox 360 846 599 927; x_wconf 82' lang='lat' dir='ltr'>primum</span> <span class='ocrx_word' id='word_1_51' title='bbox 614 845 798 922; x_wconf 83' lang='lat' dir='ltr'>cupio.</span> <span class='ocrx_word' id='word_1_52' title='bbox 824 841 1006 918; x_wconf 75' lang='lat' dir='ltr'>major</span> <span class='ocrx_word' id='word_1_53' title='bbox 1017 841 1154 900; x_wconf 85' lang='lat' dir='ltr'>mihi</span> <span class='ocrx_word' id='word_1_54' title='bbox 1168 839 1380 904; x_wconf 82' lang='lat' dir='ltr'>levatio</span> <span class='ocrx_word' id='word_1_55' title='bbox 1399 839 1582 902; x_wconf 82' lang='lat' dir='ltr'>afferri</span> 
     </span>
     <span class='ocr_line' id='line_1_10' title="bbox 354 925 1582 1010; baseline -0.003 -19"><span class='ocrx_word' id='word_1_56' title='bbox 354 931 517 991; x_wconf 72' lang='lat' dir='ltr'><strong>nulla</strong></span> <span class='ocrx_word' id='word_1_57' title='bbox 531 928 731 1010; x_wconf 75' lang='lat' dir='ltr'>potest,</span> <span class='ocrx_word' id='word_1_58' title='bbox 749 947 920 1008; x_wconf 79' lang='lat' dir='ltr'>quam</span> <span class='ocrx_word' id='word_1_59' title='bbox 937 928 1065 1006; x_wconf 85' lang='lat' dir='ltr'><strong>conj</strong></span> <span class='ocrx_word' id='word_1_60' title='bbox 1073 927 1266 986; x_wconf 70' lang='lat' dir='ltr'>unetio</span> <span class='ocrx_word' id='word_1_61' title='bbox 1281 925 1582 988; x_wconf 53' lang='lat' dir='ltr'>consuetuss</span> 
     </span>
     <span class='ocr_line' id='line_1_11' title="bbox 348 1010 1580 1094; baseline -0.003 -17"><span class='ocrx_word' id='word_1_62' title='bbox 348 1010 537 1091; x_wconf 63' lang='lat' dir='ltr'>dinis»,</span> <span class='ocrx_word' id='word_1_63' title='bbox 557 1015 979 1092; x_wconf 84' lang='lat' dir='ltr'>sermonumque</span> <span class='ocrx_word' id='word_1_64' title='bbox 1002 1012 1356 1073; x_wconf 82' lang='lat' dir='ltr'>nostrorum:</span> <span class='ocrx_word' id='word_1_65' title='bbox 1403 1034 1580 1094; x_wconf 83' lang='lat' dir='ltr'>quan-</span> 
     </span>
     <span class='ocr_line' id='line_1_12' title="bbox 342 1099 1577 1184; baseline -0.002 -22"><span class='ocrx_word' id='word_1_66' title='bbox 342 1125 527 1184; x_wconf 71' lang='lat' dir='ltr'>quam</span> <span class='ocrx_word' id='word_1_67' title='bbox 558 1101 831 1182; x_wconf 84' lang='lat' dir='ltr'>sperabam</span> <span class='ocrx_word' id='word_1_68' title='bbox 863 1115 1018 1160; x_wconf 87' lang='lat' dir='ltr'>tuum</span> <span class='ocrx_word' id='word_1_69' title='bbox 1040 1099 1345 1160; x_wconf 80' lang='lat' dir='ltr'>adventum</span> <span class='ocrx_word' id='word_1_70' title='bbox 1377 1099 1487 1170; x_wconf 86' lang='lat' dir='ltr'>(fic</span> <span class='ocrx_word' id='word_1_71' title='bbox 1519 1121 1577 1160; x_wconf 87' lang='lat' dir='ltr'>e-</span> 
     </span>
     <span class='ocr_line' id='line_1_13' title="bbox 352 1189 1580 1266; baseline -0.002 -15"><span class='ocrx_word' id='word_1_72' title='bbox 352 1193 481 1251; x_wconf 85' lang='lat' dir='ltr'>·nim</span> <span class='ocrx_word' id='word_1_73' title='bbox 496 1189 813 1264; x_wconf 83' lang='lat' dir='ltr'>audiebam)</span> <span class='ocrx_word' id='word_1_74' title='bbox 844 1189 1314 1266; x_wconf 84' lang='lat' dir='ltr'>appropinquare.</span> <span class='ocrx_word' id='word_1_75' title='bbox 1354 1207 1580 1265; x_wconf 66' lang='lat' dir='ltr'>egonu-</span> 
     </span>
     <span class='ocr_line' id='line_1_14' title="bbox 344 1271 1579 1354; baseline -0.002 -18"><span class='ocrx_word' id='word_1_76' title='bbox 344 1292 471 1338; x_wconf 70' lang='lat' dir='ltr'>:tem</span> <span class='ocrx_word' id='word_1_77' title='bbox 486 1297 608 1335; x_wconf 84' lang='lat' dir='ltr'>cum</span> <span class='ocrx_word' id='word_1_78' title='bbox 624 1275 814 1334; x_wconf 85' lang='lat' dir='ltr'>multis</span> <span class='ocrx_word' id='word_1_79' title='bbox 830 1273 898 1332; x_wconf 90' lang='lat' dir='ltr'>de</span> <span class='ocrx_word' id='word_1_80' title='bbox 921 1271 1090 1333; x_wconf 86' lang='lat' dir='ltr'>caufis</span> <span class='ocrx_word' id='word_1_81' title='bbox 1106 1289 1160 1332; x_wconf 91' lang='lat' dir='ltr'>te</span> <span class='ocrx_word' id='word_1_82' title='bbox 1181 1276 1396 1353; x_wconf 75' lang='lat' dir='ltr'>&#39;exopto</span> <span class='ocrx_word' id='word_1_83' title='bbox 1411 1291 1579 1354; x_wconf 78' lang='lat' dir='ltr'>quam</span> 
     </span>
     <span class='ocr_line' id='line_1_15' title="bbox 341 1361 1578 1446; baseline 0.002 -24"><span class='ocrx_word' id='word_1_84' title='bbox 341 1365 597 1446; x_wconf 79' lang='lat' dir='ltr'>&#39;primum</span> <span class='ocrx_word' id='word_1_85' title='bbox 612 1361 829 1436; x_wconf 72' lang='lat' dir='ltr'>videre,</span> <span class='ocrx_word' id='word_1_86' title='bbox 855 1376 972 1419; x_wconf 84' lang='lat' dir='ltr'>tum</span> <span class='ocrx_word' id='word_1_87' title='bbox 993 1362 1160 1419; x_wconf 87' lang='lat' dir='ltr'>etiam</span> <span class='ocrx_word' id='word_1_88' title='bbox 1183 1375 1247 1418; x_wconf 89' lang='lat' dir='ltr'>ut</span> <span class='ocrx_word' id='word_1_89' title='bbox 1267 1375 1401 1419; x_wconf 84' lang='lat' dir='ltr'>ante</span> <span class='ocrx_word' id='word_1_90' title='bbox 1423 1379 1578 1424; x_wconf 81' lang='lat' dir='ltr'>com-</span> 
     </span>
     <span class='ocr_line' id='line_1_16' title="bbox 358 1448 1577 1525; baseline -0.005 -13"><span class='ocrx_word' id='word_1_91' title='bbox 358 1466 673 1522; x_wconf 83' lang='lat' dir='ltr'>mentemur</span> <span class='ocrx_word' id='word_1_92' title='bbox 692 1449 839 1507; x_wconf 88' lang='lat' dir='ltr'>inter</span> <span class='ocrx_word' id='word_1_93' title='bbox 865 1467 996 1519; x_wconf 85' lang='lat' dir='ltr'>nos,</span> <span class='ocrx_word' id='word_1_94' title='bbox 1022 1467 1134 1525; x_wconf 86' lang='lat' dir='ltr'>qua</span> <span class='ocrx_word' id='word_1_95' title='bbox 1157 1448 1379 1505; x_wconf 85' lang='lat' dir='ltr'>ratione</span> <span class='ocrx_word' id='word_1_96' title='bbox 1409 1449 1577 1508; x_wconf 82' lang='lat' dir='ltr'>nobis</span> 
     </span>
     <span class='ocr_line' id='line_1_17' title="bbox 358 1532 1575 1613; baseline -0.002 -16"><span class='ocrx_word' id='word_1_97' title='bbox 358 1534 755 1598; x_wconf 72' lang='lat' dir='ltr'>traduce-fidum</span> <span class='ocrx_word' id='word_1_98' title='bbox 787 1532 849 1592; x_wconf 86' lang='lat' dir='ltr'>fit</span> <span class='ocrx_word' id='word_1_99' title='bbox 881 1537 990 1593; x_wconf 89' lang='lat' dir='ltr'>hoc</span> <span class='ocrx_word' id='word_1_100' title='bbox 1021 1548 1273 1613; x_wconf 80' lang='lat' dir='ltr'>tempus:</span> <span class='ocrx_word' id='word_1_101' title='bbox 1315 1533 1471 1612; x_wconf 86' lang='lat' dir='ltr'>quod</span> <span class='ocrx_word' id='word_1_102' title='bbox 1501 1532 1575 1594; x_wconf 89' lang='lat' dir='ltr'>est</span> 
     </span>
     <span class='ocr_line' id='line_1_18' title="bbox 359 1619 1569 1684; baseline -0.003 0"><span class='ocrx_word' id='word_1_103' title='bbox 359 1638 545 1684; x_wconf 87' lang='lat' dir='ltr'>totum</span> <span class='ocrx_word' id='word_1_104' title='bbox 570 1620 641 1682; x_wconf 79' lang='lat' dir='ltr'>ad</span> <span class='ocrx_word' id='word_1_105' title='bbox 670 1623 838 1680; x_wconf 83' lang='lat' dir='ltr'>unius</span> <span class='ocrx_word' id='word_1_106' title='bbox 877 1619 1226 1679; x_wconf 85' lang='lat' dir='ltr'>voluntatem</span> <span class='ocrx_word' id='word_1_107' title='bbox 1257 1639 1569 1680; x_wconf 87' lang='lat' dir='ltr'>accommo-</span> 
     </span>
     <span class='ocr_line' id='line_1_19' title="bbox 356 1705 1571 1786; baseline -0.003 -16"><span class='ocrx_word' id='word_1_108' title='bbox 356 1709 625 1782; x_wconf 86' lang='lat' dir='ltr'>dandum,</span> <span class='ocrx_word' id='word_1_109' title='bbox 649 1721 703 1766; x_wconf 89' lang='lat' dir='ltr'>et</span> <span class='ocrx_word' id='word_1_110' title='bbox 722 1706 1032 1786; x_wconf 58' lang='lat' dir='ltr'>prudentiss,</span> <span class='ocrx_word' id='word_1_111' title='bbox 1049 1724 1104 1767; x_wconf 91' lang='lat' dir='ltr'>et</span> <span class='ocrx_word' id='word_1_112' title='bbox 1120 1706 1386 1780; x_wconf 75' lang='lat' dir='ltr'>liberali8,</span> <span class='ocrx_word' id='word_1_113' title='bbox 1407 1723 1466 1766; x_wconf 87' lang='lat' dir='ltr'>et</span> <span class='ocrx_word' id='word_1_114' title='bbox 1479 1705 1571 1777; x_wconf 90' lang='lat' dir='ltr'>(ut</span> 
     </span>
     <span class='ocr_line' id='line_1_20' title="bbox 340 1792 1563 1877; baseline -0.005 -21"><span class='ocrx_word' id='word_1_115' title='bbox 340 1793 923 1877; x_wconf 66' lang='lat' dir='ltr'>¹p‹=:·rspexiffe.videor)</span> <span class='ocrx_word' id='word_1_116' title='bbox 939 1814 1042 1852; x_wconf 89' lang='lat' dir='ltr'>nec</span> <span class='ocrx_word' id='word_1_117' title='bbox 1055 1816 1089 1854; x_wconf 87' lang='lat' dir='ltr'><strong>a</strong></span> <span class='ocrx_word' id='word_1_118' title='bbox 1103 1814 1192 1854; x_wconf 88' lang='lat' dir='ltr'>me</span> <span class='ocrx_word' id='word_1_119' title='bbox 1207 1792 1372 1852; x_wconf 77' lang='lat' dir='ltr'>alieni</span> <span class='ocrx_word' id='word_1_120' title='bbox 1374 1809 1454 1869; x_wconf 87' lang='lat' dir='ltr'>‚et</span> <span class='ocrx_word' id='word_1_121' title='bbox 1468 1793 1563 1870; x_wconf 73' lang='lat' dir='ltr'>tibi</span> 
     </span>
     <span class='ocr_line' id='line_1_21' title="bbox 337 1877 1563 1959; baseline -0.002 -17"><span class='ocrx_word' id='word_1_122' title='bbox 337 1881 673 1942; x_wconf 82' lang='lat' dir='ltr'>-amicissimi.</span> <span class='ocrx_word' id='word_1_123' title='bbox 722 1880 878 1959; x_wconf 82' lang='lat' dir='ltr'>quod</span> <span class='ocrx_word' id='word_1_124' title='bbox 894 1901 1018 1940; x_wconf 87' lang='lat' dir='ltr'>cum</span> <span class='ocrx_word' id='word_1_125' title='bbox 1033 1881 1112 1940; x_wconf 87' lang='lat' dir='ltr'>ita</span> <span class='ocrx_word' id='word_1_126' title='bbox 1125 1879 1212 1955; x_wconf 84' lang='lat' dir='ltr'>fit,</span> <span class='ocrx_word' id='word_1_127' title='bbox 1233 1901 1464 1958; x_wconf 89' lang='lat' dir='ltr'>magnae</span> <span class='ocrx_word' id='word_1_128' title='bbox 1489 1877 1563 1940; x_wconf 85' lang='lat' dir='ltr'>est</span> 
     </span>
     <span class='ocr_line' id='line_1_22' title="bbox 355 1965 1560 2046; baseline -0.002 -17"><span class='ocrx_word' id='word_1_129' title='bbox 355 1985 539 2029; x_wconf 73' lang='lat' dir='ltr'>tamen</span> <span class='ocrx_word' id='word_1_130' title='bbox 570 1967 1006 2040; x_wconf 85' lang='lat' dir='ltr'>deliberationis,</span> <span class='ocrx_word' id='word_1_131' title='bbox 1037 1987 1180 2046; x_wconf 86' lang='lat' dir='ltr'>quae</span> <span class='ocrx_word' id='word_1_132' title='bbox 1209 1969 1353 2026; x_wconf 88' lang='lat' dir='ltr'>ratio</span> <span class='ocrx_word' id='word_1_133' title='bbox 1382 1965 1447 2026; x_wconf 89' lang='lat' dir='ltr'>fit</span> <span class='ocrx_word' id='word_1_134' title='bbox 1475 1968 1560 2026; x_wconf 87' lang='lat' dir='ltr'>in-</span> 
     </span>
     <span class='ocr_line' id='line_1_23' title="bbox 334 2052 1558 2132; baseline -0.003 -14"><span class='ocrx_word' id='word_1_135' title='bbox 334 2055 536 2118; x_wconf 48' lang='lat' dir='ltr'>„eunda</span> <span class='ocrx_word' id='word_1_136' title='bbox 552 2055 742 2128; x_wconf 79' lang='lat' dir='ltr'>nobis„</span> <span class='ocrx_word' id='word_1_137' title='bbox 754 2074 875 2112; x_wconf 86' lang='lat' dir='ltr'>non</span> <span class='ocrx_word' id='word_1_138' title='bbox 893 2055 1090 2129; x_wconf 87' lang='lat' dir='ltr'>agendi</span> <span class='ocrx_word' id='word_1_139' title='bbox 1107 2053 1340 2132; x_wconf 81' lang='lat' dir='ltr'>aliquid,</span> <span class='ocrx_word' id='word_1_140' title='bbox 1355 2052 1442 2112; x_wconf 88' lang='lat' dir='ltr'>sed</span> <span class='ocrx_word' id='word_1_141' title='bbox 1457 2053 1558 2114; x_wconf 81' lang='lat' dir='ltr'>illi-</span> 
     </span>
     <span class='ocr_line' id='line_1_24' title="bbox 336 2133 1642 2220; baseline -0.002 -17"><span class='ocrx_word' id='word_1_142' title='bbox 336 2162 423 2203; x_wconf 81' lang='lat' dir='ltr'>.us</span> <span class='ocrx_word' id='word_1_143' title='bbox 440 2137 691 2203; x_wconf 76' lang='lat' dir='ltr'>concess&#39;u</span> <span class='ocrx_word' id='word_1_144' title='bbox 708 2153 763 2200; x_wconf 88' lang='lat' dir='ltr'>et</span> <span class='ocrx_word' id='word_1_145' title='bbox 782 2139 1051 2200; x_wconf 84' lang='lat' dir='ltr'>beneficio</span> <span class='ocrx_word' id='word_1_146' title='bbox 1066 2135 1398 2220; x_wconf 81' lang='lat' dir='ltr'>quiescendi.</span> <span class='ocrx_word' id='word_1_147' title='bbox 1414 2138 1552 2200; x_wconf 84' lang='lat' dir='ltr'>vale.</span> <span class='ocrx_word' id='word_1_148' title='bbox 1635 2133 1642 2140; x_wconf 69' lang='grc'><strong><em>’</em></strong></span> 
     </span>
    </p>
   </div>
   <div class='ocr_carea' id='block_1_4' title="bbox 1673 605 1676 1198">
    <p class='ocr_par' dir='ltr' id='par_1_4' title="bbox 1673 605 1676 1198">
     <span class='ocr_line' id='line_1_25' title="bbox 1673 605 1676 1198; baseline 0 0"><span class='ocrx_word' id='word_1_149' title='bbox 1673 605 1676 1198; x_wconf 95' lang='lat' dir='ltr'> </span> 
     </span>
    </p>
   </div>
   <div class='ocr_carea' id='block_1_5' title="bbox 260 2307 1590 2564">
    <p class='ocr_par' dir='ltr' id='par_1_5' title="bbox 260 2307 1590 2564">
     <span class='ocr_line' id='line_1_26' title="bbox 466 2307 1454 2385; baseline -0.001 -12"><span class='ocrx_word' id='word_1_150' title='bbox 466 2334 539 2373; x_wconf 80' lang='grc' dir='ltr'>Μ.</span> <span class='ocrx_word' id='word_1_151' title='bbox 572 2333 634 2371; x_wconf 82' lang='grc' dir='ltr'>τ.</span> <span class='ocrx_word' id='word_1_152' title='bbox 666 2331 725 2372; x_wconf 92' lang='lat' dir='ltr'>c.</span> <span class='ocrx_word' id='word_1_153' title='bbox 756 2332 831 2372; x_wconf 85' lang='lat' dir='ltr'>M.</span> <span class='ocrx_word' id='word_1_154' title='bbox 870 2307 1264 2385; x_wconf 66' lang='lat' dir='ltr'>MARCELLO</span> <span class='ocrx_word' id='word_1_155' title='bbox 1308 2333 1360 2374; x_wconf 77' lang='lat' dir='ltr'>s·</span> <span class='ocrx_word' id='word_1_156' title='bbox 1391 2332 1454 2373; x_wconf 82' lang='lat' dir='ltr'>n.</span> 
     </span>
     <span class='ocr_line' id='line_1_27' title="bbox 442 2396 1590 2470; baseline 0.003 -13"><span class='ocrx_word' id='word_1_157' title='bbox 442 2397 557 2458; x_wconf 78' lang='lat' dir='ltr'>Etfi</span> <span class='ocrx_word' id='word_1_158' title='bbox 572 2419 639 2462; x_wconf 82' lang='lat' dir='ltr'>eo</span> <span class='ocrx_word' id='word_1_159' title='bbox 656 2413 711 2456; x_wconf 89' lang='lat' dir='ltr'>te</span> <span class='ocrx_word' id='word_1_160' title='bbox 726 2396 904 2455; x_wconf 83' lang='lat' dir='ltr'><strong>adhuc</strong></span> <span class='ocrx_word' id='word_1_161' title='bbox 927 2397 1167 2470; x_wconf 72' lang='lat' dir='ltr'>eonsilio.</span> <span class='ocrx_word' id='word_1_162' title='bbox 1181 2397 1338 2458; x_wconf 83' lang='lat' dir='ltr'>usum</span> <span class='ocrx_word' id='word_1_163' title='bbox 1359 2397 1548 2460; x_wconf 81' lang='lat' dir='ltr'>intelli·</span> <span class='ocrx_word' id='word_1_164' title='bbox 1566 2405 1590 2453; x_wconf 91' lang='lat'>7</span> 
     </span>
     <span class='ocr_line' id='line_1_28' title="bbox 260 2482 1550 2564; baseline 0.005 -23"><span class='ocrx_word' id='word_1_165' title='bbox 260 2507 265 2516; x_wconf 88' lang='lat'>·</span> <span class='ocrx_word' id='word_1_166' title='bbox 352 2504 453 2562; x_wconf 78' lang='lat' dir='ltr'>go,</span> <span class='ocrx_word' id='word_1_167' title='bbox 473 2497 537 2542; x_wconf 87' lang='lat' dir='ltr'>ut</span> <span class='ocrx_word' id='word_1_168' title='bbox 550 2482 606 2542; x_wconf 86' lang='lat' dir='ltr'>id</span> <span class='ocrx_word' id='word_1_169' title='bbox 623 2482 1022 2562; x_wconf 74' lang='lat' dir='ltr'>reprehendere</span> <span class='ocrx_word' id='word_1_170' title='bbox 1037 2505 1158 2546; x_wconf 77' lang='lat' dir='ltr'>non</span> <span class='ocrx_word' id='word_1_171' title='bbox 1175 2485 1428 2564; x_wconf 84' lang='lat' dir='ltr'>audeam,</span> <span class='ocrx_word' id='word_1_172' title='bbox 1441 2505 1550 2547; x_wconf 86' lang='lat' dir='ltr'>non</span> 
     </span>
    </p>
   </div>
   <div class='ocr_carea' id='block_1_6' title="bbox 1673 2451 1676 3027">
    <p class='ocr_par' dir='ltr' id='par_1_6' title="bbox 1673 2451 1676 3027">
     <span class='ocr_line' id='line_1_29' title="bbox 1673 2451 1676 3027; baseline 0 0"><span class='ocrx_word' id='word_1_173' title='bbox 1673 2451 1676 3027; x_wconf 95' lang='lat' dir='ltr'> </span> 
     </span>
    </p>
   </div>
  </div>
 </body>
</html>
