1700 3059
473 165 809 229 EPIST.
862 182 1115 227 mmm
1285 167 1405 250 189

132 297 136 301 ·
185 271 256 332 in
271 269 532 331 omnibus
548 271 733 344 rebus,
755 289 897 350 quae
912 267 981 329 ad
998 285 1055 329 te
1069 272 1405 350 pertineant,

189 356 1405 436 operam,curam,diligentiam,auetoritatem

187 464 394 506 meam.
441 464 582 522 quae
595 441 704 504 fint
717 449 856 518 afta,
884 458 1135 523 quaeque
1148 461 1405 522 agantur,

191 529 616 592 domesticorum
635 531 734 589 tibi
757 529 933 589 literis
960 529 1223 590 declarari
1238 547 1403 611 puto.

191 615 266 678 de
279 637 368 676 me
383 615 454 676 fic
467 616 761 691 existima,
777 636 840 675 ac
856 618 957 677 tibi
970 616 1289 696 persuadeas
1304 639 1403 678 ve·

191 707 482 765 hementer
511 703 700 777 velim,
735 723 855 762 non
886 723 973 762 me
996 707 1285 784 repentina
1300 706 1401 767 ali·
1442 775 1451 784 ⁸

189 811 308 872 qua
322 790 638 864 voluntate,
669 805 763 848 aut
779 788 1013 849 fortuito
1030 791 1099 850 ad
1114 806 1267 850 tuam
1284 814 1401 852 am·

190 876 522 958 plitndinem
552 878 690 936 meis
735 875 935 936 officiis
974 876 1401 956 amplectendam

189 962 436 1025 incidisse
447 986 466 1037 ;
512 962 604 1022 sed
635 978 696 1022 ut
726 963 961 1042 primum
994 962 1174 1023 forum
1206 967 1400 1044 attige-

191 1048 570 1131 rim‚speflaffe
585 1047 792 1127 semper
797 1063 882 1122 ,ut
896 1049 997 1108 tibi
1013 1047 1217 1128 poffem
1232 1071 1401 1129 qnam

189 1139 440 1198 maxime
451 1135 555 1196 effe
569 1137 873 1213 conjumstu
880 1155 927 1194 s,
962 1155 1077 1215 quo
1092 1136 1315 1216 quidem
1330 1157 1403 1198 ex

190 1238 468 1303 tempore,
495 1224 758 1282 memoria
787 1237 977 1297 teneo,
1016 1243 1195 1303 neque
1223 1244 1403 1286 meam

191 1311 300 1370 tibi
313 1309 578 1372 observan
585 1311 925 1389 tiam‚neque
938 1311 1073 1368 mihi
1090 1326 1241 1371 tuam
1257 1309 1403 1371 sum·

192 1417 341 1457 mam
357 1397 799 1458 benevolentiam
815 1417 881 1456 ac
894 1395 1275 1457 liberalitatem
1304 1395 1399 1458 de·

121 1489 137 1496 ’
193 1482 370 1544 fuiffe.
403 1483 440 1543 fi
457 1504 596 1564 quae
611 1482 1029 1560 interciderunt,
1050 1504 1167 1544 non
1188 1500 1301 1544 tam
1318 1503 1401 1558 re,

193 1589 361 1649 quam
379 1568 707 1652 suspicione,
721 1569 961 1643 violata3
978 1590 1043 1628 ea
1058 1591 1181 1631 cum
1197 1570 1401 1630 fuerint

194 1672 254 1716 et
268 1655 397 1716 falsa
413 1672 468 1716 et
481 1659 692 1732 inania,
716 1655 824 1716 fint
837 1654 1021 1716 evulsa
1034 1677 1107 1714 ex
1114 1659 1401 1720 omnime-

191 1746 372 1804 moria
387 1746 610 1824 vitaque
625 1741 828 1804 nostra.
877 1745 930 1802 is
956 1744 1107 1803 enim
1138 1758 1199 1802 tu
1216 1745 1303 1803 vir
1316 1763 1401 1819 ea,

194 1846 253 1891 et
267 1851 393 1894 eum
409 1852 498 1892 me
519 1829 622 1894 effe
643 1831 834 1910 cupio,
866 1846 927 1889 ut
949 1831 1213 1908 quoniam
1230 1831 1291 1890 in
1308 1851 1405 1890 ea·

193 1917 321 1980 dem
334 1918 660 2002 reipublicae
675 1933 925 1996 tempora
938 1917 1254 1992 incidimuS,
1262 1939 1401 1978 con·

187 2005 538 2083 junffionem
567 2005 967 2083 amicitiamque
996 2002 1233 2063 nostram
1263 2005 1401 2064 utri-

194 2111 307 2171 que
335 2090 580 2152 nostrfim
609 2089 760 2150 laudi
787 2088 989 2169 sperem
1018 2089 1157 2150 fore.
1206 2110 1401 2169 quam·

195 2180 388 2238 obrem
429 2194 488 2238 tu
511 2193 782 2258 quantum
797 2192 898 2235 tuo
915 2175 1132 2254 judicio
1154 2178 1400 2236 tribuen-

195 2265 326 2324 dum
343 2264 444 2324 effe
461 2267 623 2324 nobis
639 2279 822 2343 puteS,
852 2262 1047 2322 statues
1062 2261 1205 2342 ipset
1228 2280 1308 2338 et,
1338 2279 1401 2322 ut

195 2349 376 2431 spero,
416 2350 612 2410 statues
643 2372 714 2410 ex
745 2349 928 2410 nostra
950 2349 1233 2425 dignitate.
1294 2369 1400 2426 ego

195 2459 330 2498 vero
347 2440 448 2500 tibi
465 2437 724 2518 profiteor
740 2453 907 2516 atque
922 2436 1181 2515 polliceor
1202 2435 1401 2495 eximi-

193 2543 288 2587 um
310 2541 368 2586 et
390 2524 656 2604 singulare
677 2544 865 2586 meum
890 2521 1125 2584 studium
1156 2523 1217 2581 in
1242 2521 1399 2584 omni
