1700 3059
342 167 463 233 108
554 169 679 226 AD
720 168 1326 226 FAMILIARES

332 265 709 348 impediendas
738 264 843 326 esse
873 265 1390 328 accommodatum?
1428 269 1556 346 jam

330 375 458 416 non
490 369 602 414 tam
624 352 758 412 mihi
788 352 1052 413 videntur
1079 354 1343 430 injuriam
1368 353 1556 416 facere

269 518 273 522 ι
330 445 419 519 hi,
446 443 543 520 qui
558 442 694 500 haec
708 437 1012 518 disputant,
1033 459 1200 518 quam
1215 439 1254 499 fi
1269 442 1434 519 cujus
1451 463 1554 502 au·

326 549 423 590 res
437 527 505 588 ad
520 530 665 586 hanc
673 523 1102 605 disputationem
1116 533 1556 606 patent.Romae

316 610 623 694 ‚co'mposui
638 613 898 672 edietum:
911 612 1056 672 nihil
1071 612 1252 674 addidi
1255 611 1378 689 ‚nifi
1393 615 1555 694 quod

332 701 615 783 publicani
644 720 735 758 me
762 713 1056 777 rogarunt,
1079 720 1204 758 cum
1234 707 1460 764 Samum
1481 701 1554 762 ad

314 809 423 849 me
451 783 743 858 veniffent,
764 801 832 845 ut
859 785 930 845 de
965 801 1068 846 tuo
1097 785 1278 846 edieto
1311 788 1556 848 totidem

330 876 517 934 verbis
542 872 898 932 transferrem
915 874 976 932 in
991 892 1194 932 meum.
1243 872 1556 951 diligentis·

312 959 463 1022 AEme
478 958 735 1038 scriptum
754 974 920 1038 caput
933 956 1032 1034 est,
1054 958 1208 1039 quod
1223 963 1474 1038 pertinet
1487 960 1558 1022 ad

330 1045 671 1120 minuendos
702 1043 950 1124 sumptus
981 1046 1304 1107 civitatum
1335 1066 1462 1128 quo
1493 1049 1558 1108 iu

331 1137 513 1214 capite
527 1131 656 1204 sunt
668 1131 935 1212 quaedam
951 1153 1127 1208 nova,
1141 1130 1400 1194 salutaria
1415 1135 1558 1196 eivi-

334 1221 541 1281 tatibus
545 1261 565 1295 ,
587 1220 789 1299 quibus
802 1238 911 1296 ego
929 1239 1266 1300 magnopere
1280 1218 1555 1284 deleant.

333 1310 447 1374 hoc
460 1326 618 1382 vero,
628 1326 701 1366 ex
715 1322 831 1385 quo
846 1302 1078 1387 suspicio
1093 1319 1226 1366 nata
1237 1303 1339 1382 est,
1349 1326 1441 1366 me
1452 1328 1560 1370 ex·

332 1391 549 1474 quifiss'e
584 1391 795 1473 aliquid
832 1394 896 1451 in
925 1390 1044 1472 quo
1080 1407 1136 1451 te
1173 1389 1558 1470 offenda-em,

336 1478 726 1545 transsatitium
757 1476 852 1538 est.
897 1499 1080 1560 neque
1095 1481 1246 1540 enim
1267 1499 1422 1540 eram
1443 1496 1562 1546 tam

331 1565 607 1646 defipiens
620 1607 641 1643 ‚
680 1581 745 1624 ut
784 1566 1032 1642 privatae
1070 1567 1150 1626 rei
1191 1563 1350 1626 caufit
1379 1566 1560 1646 legari

338 1669 617 1736 putarem,
646 1653 823 1733 quiet
842 1653 944 1712 tibi
961 1672 1082 1712 uon
1097 1654 1342 1733 private,
1375 1667 1436 1714 et
1447 1674 1562 1734 pro

338 1762 539 1801 renon
570 1741 787 1820 privata
815 1735 930 1812 sua,
954 1736 1043 1798 sed
1071 1739 1310 1819 publica,
1339 1760 1464 1800 non
1495 1742 1563 1800 in

338 1829 587 1908 privato,
610 1825 699 1885 sed
716 1826 777 1885 in
801 1824 1026 1905 publico
1047 1827 1202 1886 orbis
1219 1842 1398 1886 terrae
1413 1847 1562 1887 con-

338 1911 485 1986 mio,
502 1912 557 1971 id
570 1909 669 1986 est,
694 1913 756 1970 in
770 1909 985 1987 senatu,
1001 1927 1064 1971 ut
1077 1914 1281 1990 gratias
1299 1927 1562 1990 agerent,

338 2000 707 2060 mittebantur
720 2020 743 2057 ε
770 2018 951 2078 neque
981 2020 1108 2060 cum
1131 1997 1306 2074 edixi,
1329 2019 1402 2058 ne
1425 2000 1561 2078 quis

338 2083 546 2163 injuffu
574 2104 701 2144 meo
724 2082 1178 2164 proficisceretur,
1199 2082 1402 2144 exclufi
1429 2105 1561 2161 eos,

340 2174 443 2252 qui
472 2191 561 2230 me
590 2171 653 2229 in
680 2169 874 2245 castra,
903 2186 960 2230 et
991 2173 1090 2252 qui
1115 2188 1270 2232 trans
1294 2177 1560 2232 Taurum

338 2255 594 2340 persequi
616 2277 738 2316 non
761 2256 1001 2336 poffent.
1050 2279 1184 2320 nam
1205 2257 1266 2318 id
1279 2255 1358 2318 est
1371 2258 1558 2318 moexi·

341 2347 510 2406 mein
532 2345 641 2404 tuis
657 2343 831 2404 literis
847 2343 1215 2407 irridendum.
1247 2342 1384 2424 quid
1399 2344 1558 2408 enim

338 2448 484 2507 erat,
507 2430 661 2511 quod
688 2450 778 2490 me
804 2429 1258 2510 persequerentur
1279 2433 1342 2490 in
1357 2428 1558 2506 castra,

342 2521 671 2580 Taurumve
682 2513 1000 2595 tranfitent,
1013 2538 1139 2582 cum
1151 2537 1260 2600 ego
1273 2515 1558 2584 Laodicea
