1700 3059
356 196 685 255 EPIST.
738 209 885 256 ιη.
925 211 1023 256 vt.
1174 211 1299 276 245

65 292 420 374 Pompeium
447 292 732 354 faciebam·
749 293 971 373 plurimi
986 317 1005 354 ε
1052 291 1140 353 sed
1183 311 1304 356 erat

67 401 280 442 meum
317 378 602 440 confilium
639 399 764 440 cum
805 379 965 440 fidele
1002 384 1303 461 Pompeio,

71 483 216 527 tum
232 463 466 524 salutare
480 467 865 544 utrique.quae
876 482 1153 546 praeterea
1169 487 1303 546 pro·

73 551 360 626 viderim,
388 565 686 632 praetereo.
733 552 871 612 nolo
900 555 1050 612 enim
1072 553 1307 614 bunede

79 659 186 700 me
221 640 434 716 optime
468 641 724 698 meritum
759 637 1087 714 existimare,
1120 659 1187 698 ea
1212 659 1305 700 me

85 722 310 786 suafiss'e
333 725 618 802 Pompeio,
647 725 848 802 quibus
871 723 963 783 ille
976 723 1013 784 fi
1031 723 1305 805 paruisset,

87 808 232 872 effet
251 809 578 888 hicquidem
599 808 782 869 clarus
800 813 857 868 in
876 825 1031 887 toga,
1072 827 1127 868 et
1150 814 1305 890 prin-

90 916 232 978 ceps
247 919 268 969 ς
299 893 588 956 sed-tantas
603 915 761 974 ορεε,
789 911 1025 974 quantas
1044 917 1195 956 nunc
1208 900 1319 957 ha·-

90 986 220 1058 bet,
251 1002 374 1042 non
397 983 642 1041 haberet.
687 981 931 1042 eundum
955 984 1016 1042 in
1048 981 1308 1061 Hispani·

95 1089 194 1130 am
207 1065 423 1141 castig
453 1065 662 1147 quodfi
677 1066 903 1140 fecisset,
930 1068 1092 1127 civile
1104 1067 1311 1130 bellum

97 1154 324 1216 nullum
345 1156 584 1214 omnino
603 1151 801 1214 fuiss'et.
846 1156 1120 1214 rationem
1143 1156 1309 1214 habe-

101 1243 160 1303 ri
188 1238 428 1302 absentis
459 1260 580 1300 non
610 1255 722 1300 mn
745 1242 994 1320 pugnavi
1016 1256 1077 1300 ut
1099 1239 1311 1319 liceret,

105 1341 394 1408 quamut,
426 1347 574 1398 cum,
605 1324 722 1406 ipso
753 1323 975 1386 consule
1002 1345 1311 1406 pugnante,

107 1411 366 1560 ξεηξὲῖῑ
379 1411 1314 1578 Ξξὲῖεὲὲςῑεῐεῑξᾱῖηῐῇεςῖ

111 1601 324 1659 torum,
345 1599 441 1644 aut
455 1584 820 1665 querelarum,
843 1605 969 1644 cum
984 1585 1074 1644 vel
1088 1582 1319 1664 iniquis-

116 1670 302 1734 fimam
316 1691 505 1751 pacem
514 1669 798 1750 justiffimo
809 1671 953 1730 bello
968 1671 1325 1730 anteferrem?

116 1759 262 1820 vieta
275 1755 349 1818 est
363 1758 660 1816 auctoritas
677 1777 820 1830 mea,
845 1777 965 1818 non
982 1773 1094 1816 tam
1109 1778 1141 1814 a
1156 1763 1325 1816 Pom-

120 1845 272 1924 peiO,
297 1841 460 1913 (nam
491 1844 538 1902 is
561 1845 915 1919 movebatur)
946 1862 1113 1922 quam
1135 1843 1203 1901 ab
1227 1844 1328 1920 iis,

127 1931 226 2009 qui
247 1928 384 1989 duce
409 1931 676 2008 Pompeio
696 1928 823 1988 freti
847 1943 1323 2008 peropportunam

129 2016 361 2076 etrebus
390 2013 702 2074 domesticis
730 2029 788 2073 et
801 2015 1189 2095 cupiditatibus
1215 2013 1330 2073 suis

133 2099 277 2162 iuius
292 2099 420 2161 belli
443 2102 732 2160 victoriam
748 2098 869 2159 fore
884 2103 1171 2180 putabant.
1219 2097 1330 2159 sus-

136 2201 348 2266 ceptum
369 2186 580 2246 beilum
595 2184 700 2260 est,
727 2184 1041 2264 quiescente
1076 2204 1195 2244 me:
1236 2185 1335 2245 de·

137 2270 345 2353 pulsum
359 2291 432 2331 ex
447 2271 628 2344 Italia,
651 2283 913 2330 manente
926 2271 1223 2351 me,quoad
1236 2291 1340 2352 po·-

141 2359 223 2419 tui
233 2379 252 2418 z
268 2356 354 2417 sed
367 2356 544 2416 valuit
556 2355 704 2436 apud
719 2375 805 2415 me
821 2357 947 2436 plus
962 2358 1143 2437 pudor
1158 2375 1338 2431 meua,

143 2463 302 2522 quam
318 2443 506 2503 timor.
553 2443 764 2502 veritus
778 2441 893 2502 sum
908 2441 1081 2512 deeffit
1096 2441 1341 2520 Pompeii

146 2527 316 2607 ffluti,
342 2547 472 2593 cum
497 2528 592 2591 ille
623 2527 923 2610 aliquando
946 2547 1067 2590 non
1096 2522 1345 2590 defuiistt
