1700 3059
318 155 451 218 ³³²-
532 139 659 198 AD
702 139 1299 200 FAMILIARES

318 242 469 304 emti
484 240 771 318 negotium
792 255 934 315 erat,
957 255 1139 302 tecum
1167 241 1226 302 id
1255 242 1362 302 otii
1396 253 1544 302 tem-
1615 285 1624 292 .

321 323 1236 472 {zadi‘zssiffl‘ffasissxzsszfiffff
1235 327 1545 488 {3133}

256 507 263 518 “
327 495 419 558 sed
436 502 667 567 Romae,
688 509 745 554 te
769 495 1042 574 profecto,
1069 496 1311 557 solitudo
1343 497 1545 558 videa-

324 597 422 644 tur
448 580 587 641 faeta
600 603 619 640 ι
642 595 701 639 ct
720 583 818 659 qui
848 579 1022 660 (quae
1051 603 1171 641 mea
1197 583 1546 662 negligentia

260 683 265 689 ·
328 663 437 742 est)
450 666 660 726 multos
670 665 833 745 saepe
848 667 966 726 dies
979 665 1049 726 ad
1061 683 1270 741 te,cnm
1283 672 1384 728 hic
1401 689 1549 743 eras,

329 771 455 814 non
476 751 823 825 accedebam,
846 773 999 812 nune
1029 753 1282 830 qnotidie
1295 775 1426 813 non
1443 753 1548 814 effe

332 853 411 912 te,
433 836 501 896 ad
517 855 682 914 quem
696 836 966 912 curfitem,
993 836 1316 899 discrucior.
1367 842 1551 899 maxi-

331 941 593 996 mevero‚
614 937 677 982 ut
702 938 757 981 te
782 923 901 982 dies
937 921 1230 1002 noctesque
1256 944 1551 1002 quaeram,

332 1009 669 1088 competitor
684 1009 889 1068 Hirrus
905 1011 1380 1087 curat.quomodo
1395 1011 1553 1071 illum

334 1109 499 1176 putas
514 1097 811 1170 auguratu's
825 1109 982 1154 tuum
997 1096 1430 1173 competitorem
1445 1095 1551 1158 do·

334 1181 471 1256 lere,
494 1194 549 1237 et
572 1178 917 1252 diffimulare,
938 1200 1026 1238 me
1041 1181 1358 1256 certiorem,
1379 1201 1550 1259 quam

336 1263 417 1341 se,
438 1263 815 1326 candidatum?
850 1265 918 1322 de
937 1285 1054 1343 quo
1067 1281 1154 1339 ut,
1177 1285 1344 1344 quem
1361 1283 1547 1346 optas,

338 1369 505 1432 quam
521 1351 756 1428 primum
774 1351 1032 1408 nuntium
1045 1351 1305 1429 accipias,
1320 1367 1422 1410 tua
1433 1372 1545 1412 me·

340 1437 467 1498 dius
482 1434 642 1496 fidius
658 1436 832 1512 magis
857 1455 1024 1512 quam
1043 1456 1166 1494 mea
1181 1435 1342 1498 causa
1355 1438 1542 1515 cupio.

340 1543 475 1584 narn
488 1539 600 1594 me,
621 1519 659 1578 ri
674 1519 771 1594 fio,
793 1519 1022 1580 fot-[itan
1035 1541 1162 1580 cum
1183 1521 1546 1600 locupletiore

341 1605 569 1668 reseram
587 1627 603 1664 =
628 1604 717 1664 sed
732 1609 839 1668 hoc
857 1603 1023 1684 usqne
1037 1627 1104 1665 eo
1119 1604 1281 1666 suave
1293 1605 1545 1686 est,quod

338 1692 385 1756 fi
413 1691 693 1765 acciderit,
717 1705 836 1750 tota
867 1693 984 1750 vita
1013 1689 1150 1750 risus
1179 1694 1346 1752 nobis
1377 1691 1544 1752 deesse

332 1799 465 1862 pon
495 1778 723 1856 poterit.
771 1774 860 1857 sed
892 1777 1072 1835 tanti?
1094 1774 1195 1836 'sed
1217 1778 1538 1838 mehercule.

338 1885 467 1925 non
498 1861 735 1924 multum
764 1867 849 1921 M.
885 1863 1148 1922 Octavius
1165 1883 1364 1922 eorum
1393 1864 1540 1938 odia,

242 1957 253 1970 '
344 1951 444 2030 qui
479 1950 712 2010 Hirrum
750 1963 1040 2028 premunt,
1090 1967 1230 2026 quae
1255 1949 1529 2026 'permulta

342 2035 495 2107 sunt,
521 2031 786 2092 sublevat.
818 2033 972 2112 quod
987 2032 1054 2094 ad
1069 2033 1352 2092 Philotimi
1364 2034 1540 2094 liberti

342 2121 587 2182 officium
616 2133 674 2178 et
701 2119 855 2178 bona
891 2118 1123 2178 Milonis
1151 2120 1372 2193 attinet,
1393 2119 1540 2181 dedi-

344 2226 472 2269 muz
489 2223 737 2282 operam,
758 2218 823 2261 ut
836 2220 894 2262 et
920 2202 1248 2264 Philotimus
1265 2225 1427 2284 quam⁴
1439 2208 1539 2266 ho-

346 2289 623 2352 nestissime
638 2288 843 2348 Miloni
863 2287 1093 2364 absenti,
1120 2287 1342 2368 ejusque
1363 2290 1539 2352 neces-

342 2375 499 2436 sariis
515 2373 919 2448 satisfaceret,et
946 2372 1236 2436 secundum
1251 2375 1370 2452 ejus
1385 2375 1538 2439 fidem

348 2476 406 2521 et
425 2459 761 2526 sedulitatem
788 2457 1118 2528 existimatio
1146 2475 1242 2522 tua
1263 2459 1540 2528 conserva·
