1700 3059
352 165 477 212 100
548 149 673 206 AD
716 148 1342 208 FAMILIARES.

346 246 584 306 alienare
612 267 645 305 a
674 261 728 306 te
756 244 1102 306 voluntatem
1123 264 1334 304 meam:
1367 244 1473 323 qui
1503 259 1560 306 te

342 329 530 392 forum
546 330 707 393 Tarfi
722 353 902 412 agere,
913 330 1143 392 statuere
1158 331 1352 405 multa,
1367 330 1561 390 decer-

348 437 502 494 nere,
517 419 767 497 judicare
788 420 1056 492 dicerent,
1083 438 1207 478 cum
1229 415 1412 496 poss‘es
1433 417 1562 496 jam

350 502 606 585 filspicari
636 506 735 565 tibi
755 504 860 566 effe
881 503 1197 566 succeffum:
1231 525 1372 584 quae
1397 524 1473 562 ne
1487 506 1560 564 ab

348 592 420 650 iis
450 591 671 671 quidem
686 591 803 652 fieri
819 589 1081 666 solerent,
1110 592 1205 671 qui
1228 591 1386 650 brevi
1419 605 1561 650 tem·

309 738 315 744 ,
348 697 488 758 pore
516 676 609 737 fibi
638 677 850 738 succedi
885 692 1164 759 putarent.
1209 679 1415 736 horum
1453 696 1564 756 ego

258 835 260 839 Δ
350 761 601 824 sermone
615 785 733 824 non
758 767 1039 824 movebar.
1071 765 1208 843 quin
1231 763 1394 822 etiam
1411 760 1564 834 (cre-

350 848 450 910 das
466 852 599 910 mihi
621 852 817 928 velim)
846 850 886 910 fi
910 851 1128 930 quid-tu
1152 870 1362 928 ageres,
1387 850 1566 910 levari

350 956 442 996 me
472 939 727 1019 putabam
756 938 1030 1012 molestia;
1057 954 1114 998 et
1137 958 1209 996 ex
1223 957 1412 996 annua
1427 956 1564 1018 pro·

352 1025 560 1100 vincia,
584 1045 722 1104 quae
750 1027 884 1083 mihi
913 1023 1084 1103 longa
1111 1024 1353 1099 videtur,
1385 1041 1570 1104 prope

348 1109 470 1188 jam
500 1111 755 1171 undecim
777 1109 1040 1170 menfium
1067 1110 1420 1192 provinciam
1450 1110 1571 1172 fac-

356 1212 469 1256 tam
485 1195 585 1257 este
607 1197 932 1274 gaudebam,
954 1196 995 1256 fi
1019 1196 1225 1257 absenti
1246 1198 1380 1255 mihi
1397 1200 1569 1256 unius

356 1282 552 1344 menfis
581 1283 739 1344 labor
762 1284 1034 1344 detractus
1057 1283 1210 1344 eflet.
1256 1282 1389 1342 illud
1403 1281 1570 1354 <vere

356 1367 567 1446 dicam)
581 1391 669 1428 me
692 1387 907 1447 movet,
929 1373 990 1430 in
1007 1385 1162 1430 tanta
1178 1370 1414 1430 militum
1429 1391 1569 1450 pau-

346 1455 525 1518 citate
539 1453 708 1516 abess'e
725 1473 835 1519 tres
861 1461 1145 1534 cohortes,
1166 1478 1304 1537 quae
1328 1455 1432 1518 fint
1451 1458 1569 1536 ple.-

323 1569 332 1576 ·
358 1541 623 1619 niflimae,
644 1563 745 1603 nec
762 1565 854 1604 me
862 1543 994 1604 scire
1012 1546 1104 1604 ubi
1116 1543 1191 1603 fin
1199 1560 1238 1604 t.
1272 1541 1569 1608 molestissi-

358 1647 449 1692 me
465 1645 645 1690 autem
660 1629 807 1706 fero,
830 1631 1006 1710 quod,
1029 1646 1081 1689 te
1097 1632 1192 1690 ubi
1206 1628 1425 1689 visurus
1444 1627 1568 1705 fim,

360 1714 576 1778 nescio:
602 1737 778 1797 eoque
795 1717 862 1776 ad
881 1733 934 1778 te
951 1716 1158 1776 tardius
1188 1715 1388 1797 scripfi‚
1413 1715 1572 1798 quod

360 1803 611 1879 quotidie
626 1819 681 1861 te
694 1801 867 1882 ipsum
883 1805 1384 1884 expectabmtcum
1399 1804 1575 1862 inter-

361 1907 429 1947 ea
452 1908 522 1950 ne
550 1889 738 1947 literas
762 1889 986 1968 quidem
1015 1889 1153 1948 ullas
1177 1889 1386 1968 accepi,
1425 1909 1571 1968 quae

352 1992 451 2036 ‚me
470 1972 733 2035 docerent
750 1976 885 2054 quid
899 1997 1110 2054 agereS,
1133 1990 1227 2035 aut
1242 1978 1334 2038 ubi
1352 1993 1412 2038 te
1421 1973 1571 2034 visu·-

361 2077 459 2117 rus
473 2056 630 2118 effem
642 2104 657 2118 .
685 2063 871 2141 itaque
884 2065 1066 2122 virum
1083 2063 1308 2137 fortem,
1322 2063 1573 2141 mihique

363 2145 425 2203 in
441 2147 633 2226 primis
650 2151 966 2226 probatum,
984 2151 1316 2224 Antonium,
1327 2148 1571 2226 praefec-

366 2247 483 2290 tum
516 2249 898 2308 evocatorum,
923 2232 1036 2292 mifi
1068 2234 1136 2292 ad
1167 2249 1244 2306 te,
1269 2237 1382 2307 cui,
1405 2232 1444 2291 fi
1470 2236 1575 2292 tibi

366 2318 666 2394 videretur,
704 2323 962 2379 cohortes
988 2320 1254 2379 traderes:
1304 2336 1389 2394 ut,
1433 2319 1572 2380 dum

367 2417 583 2483 tempus
601 2409 734 2466 anni
766 2405 896 2466 esset
924 2407 1208 2481 idoneum,
1231 2405 1438 2484 aliquid
1473 2425 1572 2474 ne,-

364 2491 507 2566 gotij
528 2511 715 2568 gerere
728 2487 956 2571 peffem.
989 2493 1051 2552 in
1067 2507 1320 2571 qu0„tuo
1337 2490 1570 2555 confluo
