1700 3059
332 178 460 243 304
548 168 673 227 AD
716 167 1317 227 FAMILIARES

322 286 437 347 que
456 270 641 347 potui.
668 267 825 349 quod
839 268 932 327 ille
945 269 1024 328 ita
1037 284 1094 329 et
1109 272 1346 349 accepit,
1367 283 1425 329 et
1437 269 1536 327 mi·

322 350 555 435 hisaepe
574 354 747 415 literis
766 352 1116 433 significavit,
1143 372 1202 414 et
1223 357 1327 415 tibi
1345 372 1402 415 et
1417 376 1539 416 ver·

322 440 411 499 bis
445 458 505 499 et
526 463 583 499 re
606 440 866 516 ostendit,
898 460 1018 501 mea
1047 442 1540 502 commendatione

322 523 433 586 sese
461 526 619 587 valde
640 526 745 587 effe
780 543 1146 588 commotum.
1193 531 1352 588 hunc
1375 544 1438 587 tu
1457 530 1542 589 vi·

330 632 453 673 rum
470 618 685 688 meins,
706 611 745 672 fi
760 634 847 672 me
869 630 963 673 ant
983 611 1168 694 sapere
1186 613 1430 694 aliquid,
1453 630 1544 673 aut

318 696 464 757 velle
478 714 577 759 tua
590 698 748 759 caufii
768 715 954 780 putas,
969 720 1041 759 ne
1056 698 1370 762 dimiseris,
1354 723 1371 740 ·
1405 716 1487 777 et,
1507 698 1544 761 fi

324 804 468 863 quae
496 800 551 843 te
578 785 728 845 forte
758 806 846 844 res
871 786 1175 865 aliquando
1213 785 1544 863 offenderit,

322 891 447 931 cum
468 870 559 931 ille
580 888 677 930 aut
692 872 1084 951 occupatione,
1107 887 1204 933 ant
1215 872 1548 933 difficultate

320 957 537 1017 tardior
550 960 654 1016 tibi
666 961 773 1017 erit
786 956 960 1031 visus,
985 957 1250 1038 perferto,
1273 975 1332 1017 et
1349 960 1547 1019 ultima

320 1048 645 1125 expec‘tat03
669 1064 810 1124 quae
840 1064 950 1122 ego
979 1046 1078 1103 tibi
1103 1061 1161 1104 et
1183 1045 1469 1123 jucunda,
1491 1061 1546 1105 et

318 1129 549 1191 honesta
584 1129 885 1211 praestabo.
947 1130 1196 1210 pluribus
1235 1147 1296 1190 te
1323 1134 1543 1191 hortari

320 1236 445 1277 non
462 1217 657 1277 debeo,
705 1231 926 1275 tantum
943 1237 1174 1291 moneo,
1199 1237 1388 1297 neque
1403 1220 1549 1278 amis

310 1304 483 1362 eitiae
510 1302 922 1363 confirmandae
941 1302 1208 1363 clariffimi
1241 1324 1308 1362 ac
1337 1304 1544 1365 libera·

313 1388 495 1449 lissimi
518 1390 649 1464 viri,
680 1409 860 1467 neque
883 1388 1154 1447 uberioris
1185 1390 1541 1467 provinciae,

319 1495 503 1553 neque
525 1478 717 1535 aetatis
740 1476 924 1551 magis
947 1475 1212 1534 idoneum
1230 1491 1482 1555 tempus,
1501 1475 1542 1535 fi

316 1563 429 1620 hoc
444 1558 765 1635 amiser38‚te
778 1558 881 1619 effe
899 1560 1069 1619 ullum
1087 1581 1334 1639 unquam
1353 1583 1538 1641 reper-

316 1662 528 1707 turum.
574 1650 713 1721 hoc,
726 1647 1186 1726 quemadmodum
1213 1667 1320 1705 vos
1339 1646 1540 1707 scribe·

316 1752 381 1792 re
401 1731 584 1792 soletis
616 1735 673 1791 in
700 1732 890 1792 vestris
921 1732 1098 1806 libris,
1121 1732 1266 1790 idem
1293 1740 1371 1807 Q.
1391 1740 1538 1792 Cor·

314 1818 470 1879 nelio
501 1818 807 1879 videbatur.
855 1820 916 1875 in
945 1820 1290 1877 Britanniam
1319 1833 1378 1878 te
1399 1840 1538 1898 pro-

314 1903 517 1969 festum
548 1926 669 1964 non
693 1903 797 1965 effe
824 1904 1064 1981 gaude0,
1091 1902 1244 1981 quod
1269 1919 1328 1963 et
1345 1904 1535 1963 labore

314 1988 551 2065 caruisti,
574 2007 630 2049 et
660 2010 765 2067 ego
791 2006 845 2047 te
867 1988 936 2047 de
959 1994 1120 2049 rebus
1151 1988 1260 2047 illis
1285 2011 1408 2050 non
1433 2012 1530 2049 au·

314 2076 487 2140 diam.
536 2079 630 2135 ubi
661 2076 725 2135 fis
756 2078 1162 2147 hibernaturus,
1187 2090 1247 2133 et
1275 2096 1388 2153 qua
1421 2075 1532 2154 spe,

307 2177 410 2223 aut
424 2152 769 2241 conditione,
808 2159 1106 2244 perscribas
1132 2161 1202 2222 ad
1225 2182 1314 2221 me
1339 2163 1528 2226 velim.

198 2253 205 2261 '
319 2245 467 2310 vale.
