1700 3059
326 179 449 241 29²
530 164 655 220 AD
700 117 1307 220 FAMILIARES

322 273 378 320 te
391 259 787 338 diligentissime
802 272 859 316 et
874 256 1160 339 saepiffime
1177 256 1387 319 scribo·
1406 254 1565 318 illud

322 345 473 406 soleo
488 347 700 422 mirari,
722 365 841 404 non
860 366 946 405 me
963 345 1128 404 toties
1150 346 1405 424 accipere
1425 359 1561 405 tuas

324 433 759 513 litera8‚quotie's
780 453 811 490 a
827 435 1044 508 Quinto
1069 433 1202 491 mihi
1219 429 1398 490 fratre
1413 430 1562 491 affe-

324 535 547 580 runtur.
571 522 635 579 ‚in
654 521 939 578 Britannia
955 518 1095 576 nihil
1110 515 1212 576 esse
1227 517 1434 592 audie,
1453 540 1558 577 ne-

327 627 435 686 que
450 606 591 680 auri,
614 624 792 684 neque
808 607 1042 684 argenti.
1069 603 1126 663 id
1141 601 1178 661 fi
1193 605 1272 662 ita
1287 602 1393 678 est,
1413 603 1558 664 effe·

324 693 459 754 dum
496 690 724 772 aliquod
761 688 958 751 suadeo
998 692 1174 772 capias
1177 733 1198 765 ,
1245 705 1304 748 et
1335 690 1413 750 ad
1441 712 1558 752 nos

326 799 494 859 quam
524 780 763 858 primum
794 799 918 839 recu
927 799 1063 838 tras·
1108 776 1187 835 fin
1211 791 1404 837 autem
1437 777 1560 838 fine

324 866 615 928 Britannia
630 880 814 925 tamen
831 864 1053 945 assequi,
1083 861 1236 944 quod
1251 864 1560 942 volumus„

326 951 639 1034 poffumus;
680 953 880 1033 perfice
907 967 972 1011 ut
997 949 1065 1010 fis
1094 952 1153 1009 in
1183 949 1559 1014 familiaribus

332 1037 597 1100 Caesaris·
621 1045 627 1050 ’
643 1039 878 1100 multum
894 1055 949 1098 te
964 1040 1023 1098 in
1041 1058 1109 1097 eo
1123 1035 1294 1096 frater
1307 1039 1404 1118 adj
1411 1061 1558 1101 uva·

328 1127 415 1187 bit
429 1145 606 1202 meus,
628 1125 864 1186 multum
881 1125 1111 1186 Balbus:
1134 1121 1248 1199 sed,
1270 1125 1412 1185 mihi
1428 1147 1556 1187 cre-

330 1211 422 1288 de,
442 1228 569 1271 tuus
584 1210 765 1292 pudor
778 1228 835 1272 et
849 1212 1004 1272 labor
1019 1210 1337 1292 plurimum.
1365 1212 1554 1294 impe·

330 1314 569 1358 ratorem
596 1297 1036 1375 liberalissimum,
1073 1311 1304 1358 aetatem
1327 1318 1553 1378 oppor-

332 1383 682 1460 tunissimam‚
704 1384 1243 1447 commendationem
1267 1399 1418 1444 certe
1431 1383 1552 1446 sm-

332 1471 573 1550 gularem
603 1473 768 1531 habes
785 1497 804 1535 t
832 1489 897 1533 ut
919 1473 1022 1532 tibi
1037 1491 1208 1530 unum
1231 1471 1548 1534 timendum

333 1555 420 1635 fit,
452 1579 523 1618 ne
538 1555 648 1640 ipse
665 1559 764 1620 tibi
778 1557 999 1621 defuisse
1018 1557 1262 1619 videare.
1306 1558 1450 1619 vale.

583 1751 852 1792 ctczno
894 1743 1288 1795 Taenario.

318 1839 323 1846 ·
420 1817 639 1897 Scripsit
668 1818 735 1877 ad
765 1839 854 1878 me
885 1819 1076 1878 Caesar
1105 1821 1534 1900 perhumaniter,
1558 1816 1583 1860 ⁸

334 1904 584 1964 nondum
600 1921 655 1964 te
670 1903 763 1965 fibi
778 1903 904 1963 satis
919 1904 1022 1964 effe
1039 1905 1354 1966 familiarem
1373 1928 1536 1988 prop-

334 2005 421 2050 ter
436 1993 825 2072 occupationes
842 1989 988 2067 suas,
1003 1990 1093 2050 sed
1111 2009 1255 2054 certe
1269 1993 1420 2054 fore:
1445 1996 1534 2056 cui

335 2076 557 2155 quidem
574 2097 674 2156 ego
701 2074 960 2158 rescripti,
989 2098 1153 2158 quam
1177 2081 1308 2138 mihi
1321 2095 1533 2157 gratum

335 2159 465 2222 ess‘et
495 2161 764 2238 futurum,
794 2161 833 2222 fi
860 2184 1026 2242 quam
1064 2165 1360 2244 plurimum
1388 2169 1442 2225 in
1478 2181 1533 2228 te

334 2247 517 2325 studii,
545 2250 736 2324 officii,
763 2249 1104 2310 liberalitatis
1126 2249 1248 2312 suae
1277 2253 1530 2312 contulis-

338 2333 437 2395 set.
483 2333 571 2394 sed
586 2356 658 2396 ex
682 2337 791 2395 tuis
812 2335 991 2396 literis
1013 2339 1254 2415 cognovi
1276 2359 1526 2418 praepro-

339 2423 827 2502 peram-quandam
859 2421 1260 2483 festinationem
1283 2439 1448 2498 mam,
1472 2439 1528 2484 et

334 2503 490 2567 fimul
506 2505 619 2568 sum
636 2506 932 2569 admiratus
934 2529 1058 2590 ,cur
1072 2512 1379 2572 tribunatus
1391 2531 1528 2572 com-
