1700 3059
457 161 787 222 EPIST.
838 179 984 222 211³.
1021 177 1154 221 vn.
1275 159 1396 240 283

179 258 537 324 confecissem
570 249 699 324 cum
732 259 1144 322 cohaeredibus.
1205 261 1426 335 nunc‚'

180 369 317 410 cnm
331 364 489 410 tuum
504 350 743 429 pretium
758 351 923 422 novi,
946 347 1278 407 licitatorem
1291 345 1400 427 po}-

183 438 301 498 tius
331 456 631 516 apponam,
652 435 823 516 quarn
840 434 978 494 illud
1005 435 1242 494 minoris
1266 454 1402 493 vae·-

185 538 339 582 neat.
384 521 476 582 sed
496 521 731 600 dejoco
760 521 890 581 satis
911 519 1006 581 est.
1055 536 1212 580 tumn
1227 541 1404 598 nego-n

181 611 329 672 tium
358 630 540 688 egem,
576 607 732 672 ficati
754 609 952 682 debeo,
973 607 1286 687 diligenter.
1333 607 1403 671 de

187 694 359 772 But-se
372 712 431 756 te
443 692 673 774 gaudere
686 697 845 756 certo
863 695 994 759 scio:
1013 693 1106 754 sed
1121 697 1288 755 nimis
1303 715 1404 756 ve·

188 783 431 845 reconde
444 785 581 843 mihi
597 781 912 862 gratuleris.
959 798 1122 862 putas
1139 784 1312 856 enirn,
1333 798 1400 842 ut

188 869 633 951 scribis,propter
646 871 894 930 hominis
909 867 1096 930 sordes
1111 871 1296 930 minus
1313 888 1402 930 me

188 977 449 1036 magnam
480 957 630 1017 illam
654 957 916 1016 laetitiam
935 971 1155 1036 putare.
1211 955 1402 1016 credat

186 1046 331 1108 mihi
346 1045 535 1120 velim,
556 1047 729 1121 magis
744 1063 837 1103 me
845 1043 1062 1122 judicio
1075 1045 1206 1118 hoe,
1233 1059 1404 1123 quam

188 1147 375 1192 morte
406 1133 639 1205 inimici,
661 1131 945 1190 laetatum.
991 1132 1231 1211 primum
1253 1131 1404 1194 enim

183 1218 403 1298 judicio
418 1217 589 1292 male,
620 1237 787 1295 quam
817 1217 1036 1295 gladio;
1067 1216 1266 1278 deinde
1279 1218 1402 1295 glo-

191 1308 277 1366 ria
298 1307 487 1385 potius
518 1305 705 1374 amici,
750 1323 916 1383 quam
955 1305 1281 1364 calamitate.
1341 1307 1403 1364 in

193 1389 499 1474 primisque
522 1411 611 1451 me
640 1389 954 1465 delectavit,
985 1407 1205 1452 tantum
1237 1390 1406 1450 studi-

194 1500 293 1539 um
322 1481 601 1539 bonorum
623 1480 685 1536 in
716 1497 802 1537 me
830 1477 1066 1542 extitisse
1095 1494 1292 1538 contra
1315 1480 1406 1538 in·

193 1565 508 1628 credibilem
522 1566 944 1626 contentionem
959 1564 1226 1624 clarissimi
1239 1581 1296 1624 et
1309 1585 1412 1645 po‘

196 1652 479 1714 tentiffimi
498 1653 627 1712 viri.
676 1649 974 1730 postremo,
995 1653 1098 1710 vix
1125 1651 1412 1710 verifimile

198 1738 423 1801 fortass'e
448 1739 724 1813 videatur,
769 1737 994 1797 oderam
1032 1737 1211 1797 multo
1249 1740 1410 1817 pejus

202 1831 379 1902 hunc,
402 1847 569 1907 quam
582 1825 739 1885 illum
754 1823 927 1904 ipsum
946 1825 1230 1886 Clodium.
1253 1824 1412 1886 illum

202 1916 357 1975 enim
373 1933 774 1994 oppugnatam,
789 1915 938 1972 hunc
955 1911 1298 1973 defenderam
1313 1937 1329 1970 τ
1356 1930 1416 1974 et

204 2001 321 2074 ille,
347 2022 473 2062 cum
488 2002 675 2061 omnis
697 1998 998 2084 respublica
1017 2003 1079 2059 in
1095 2018 1220 2059 meo
1236 2003 1419 2080 capite

202 2085 495 2148 discrimen
518 2085 645 2148 efflet
675 2089 954 2160 habitura,
977 2107 1236 2164 magnum
1253 2087 1414 2166 quid·-

204 2175 337 2236 dam
352 2173 615 2254 spectavit
630 2197 647 2233 ι
666 2195 769 2232 nec
784 2171 877 2234 sua
891 2171 1206 2254 sponte,sed
1223 2193 1418 2233 eorum

204 2262 445 2337 auxilio,
465 2263 587 2341 qui,
608 2281 697 2320 me
726 2259 922 2334 stante,
947 2259 1079 2320 stare
1109 2281 1228 2320 non
1261 2277 1421 2340 pote·-

204 2364 373 2411 rante
406 2351 495 2408 hic
525 2347 790 2424 fimiolus,
822 2350 994 2407 animi
1025 2344 1201 2422 causa,
1227 2367 1334 2420 me,
1357 2349 1420 2408 in

209 2457 379 2515 quem
406 2438 777 2509 inveheretur,
810 2435 1114 2511 delegeratt
1147 2431 1421 2513 persuase-

215 2537 413 2606 ratque
428 2521 721 2584 nonnullis
751 2522 958 2582 invidis
979 2523 1138 2600 meis,
1168 2518 1220 2581 se
1247 2522 1311 2582 in
1329 2541 1428 2584 me
