1700 3059
407 171 736 232 EPIST.
791 188 1031 232 mit-1.
1246 193 1321 256 33

119 295 242 352 um,
271 271 488 346 (meum
513 271 728 334 autem?
754 273 929 334 immo
958 293 1097 334 vero
1124 271 1335 352 legum,

107 363 481 444 judiciorum,
505 363 638 436 otii,
665 360 895 440 patriae,
914 361 1193 422 bonorum
1208 381 1330 422 om·

113 451 310 525 nium)
331 445 404 508 fic
417 445 895 526 amplexabantur,
918 444 987 506 fic
1004 449 1067 506 in
1078 447 1334 509 manibus

116 537 424 610 habebant,
447 531 520 594 fic
537 531 829 607 fovebant,
843 531 926 592 ‘fic
940 553 1027 594 me
1051 533 1334 614 praestate

115 620 540 683 osculabanture
571 639 694 680 non
724 617 806 678 illi
835 619 1081 698 quidem,
1110 635 1173 680 ut
1194 621 1331 681 mihi

115 708 460 770 stomachum
483 705 748 780 facerent,
777 725 943 785 quem
958 726 1063 784 ego
1080 705 1331 768 funditus

118 793 360 877 perdidi,
383 791 476 852 sed
489 807 636 852 certe
650 807 714 852 ut
729 791 907 852 facere
928 789 981 852 se
1000 795 1333 854 arbitraren-

115 897 233 942 tur.
279 883 373 942 hic
393 899 524 957 ego,
545 894 814 958 quantum
835 880 1081 938 humano
1102 879 1333 942 confilio

117 966 336 1028 efficere
364 967 548 1047 potui,
575 963 977 1043 circumspectis
1010 967 1171 1026 rebus
1192 969 1333 1028 meis

116 1055 408 1126 omnibus,
435 1049 843 1128 rationibusque
874 1048 1169 1127 subductis,
1189 1051 1333 1114 sum·

115 1161 270 1202 mam
305 1138 412 1198 feci
439 1137 836 1215 cogitationum
868 1158 1113 1198 mearum
1142 1141 1332 1202 omni·

111 1247 236 1303 um,
261 1245 432 1306 quam
445 1225 570 1300 tibi,
591 1222 632 1282 fi
661 1239 884 1304 potero,
904 1226 1143 1286 breviter
1156 1245 1329 1307 expo·

112 1333 275 1374 nam.
324 1333 452 1389 ego,
474 1308 514 1370 fi
535 1313 604 1370 ab
619 1311 913 1390 improbis,
934 1326 989 1370 et
1003 1312 1233 1392 perditis
1246 1315 1331 1376 ci-

117 1400 283 1462 vibus
301 1397 694 1479 rempublicam
710 1399 885 1456 teneri
909 1398 1173 1475 viderem,
1192 1398 1333 1462 ficut

115 1501 174 1547 ct
187 1487 332 1548 meis
356 1484 696 1561 temporibus
725 1481 946 1560 ibimus,
966 1501 1023 1546 et
1038 1487 1331 1549 nonnullis

103 1573 240 1634 aliis
255 1569 504 1632 accidisse
517 1571 969 1651 accepimus,non
984 1571 1157 1633 modo
1172 1595 1333 1654 prae·

112 1661 272 1736 niis,
289 1676 434 1738 quae
449 1657 592 1737 apud
607 1677 694 1716 me
707 1658 997 1716 minimum
1010 1657 1225 1735 valent,
1238 1658 1333 1723 sed

113 1767 188 1808 ne
201 1743 466 1828 periculis
483 1742 706 1823 quidem
721 1741 1033 1823 compulsus
1048 1743 1195 1821 ullis,
1205 1749 1329 1826 qui-

113 1835 222 1894 bua
237 1847 430 1892 tamen
457 1844 758 1890 moventur
778 1831 943 1890 etiam
962 1830 1227 1894 sortiffimi
1242 1837 1329 1896 vi-

111 1922 188 1994 ri,
213 1917 286 1978 ad
301 1937 498 1976 eorum
521 1914 738 1978 causam
751 1937 840 1976 me
857 1917 945 1996 adj
953 1937 1233 1998 ungerem,
1255 1943 1331 1984 ne

112 2005 156 2066 fi
186 2005 400 2066 summa
427 2003 657 2084 quidem
687 2022 881 2064 eorum
914 2007 977 2065 in
1014 2027 1103 2065 me
1131 2011 1330 2071 merita

115 2088 458 2153 constarent.
503 2109 632 2150 cum
649 2105 830 2150 autem
843 2092 906 2150 in
920 2092 1197 2173 republica
1210 2101 1324 2158 Cn.

115 2177 420 2257 Pompeius
436 2177 690 2256 princeps
706 2173 860 2254 ciret,
882 2180 971 2238 vir
983 2181 1059 2256 is,
1072 2184 1169 2258 qui
1184 2184 1330 2244 hanc

117 2263 455 2346 potentiam,
476 2277 532 2321 et
559 2261 792 2340 gloriam
813 2267 1069 2325 maximis
1100 2270 1159 2327 in
1184 2287 1328 2330 rem·

117 2350 400 2430 publicam
415 2350 650 2424 meritis,
673 2349 1225 2433 praestantiffimisque
1239 2375 1327 2415 re·

119 2439 224 2496 bna
245 2434 410 2514 gestit
429 2433 556 2495 effet
576 2433 923 2513 consecutus,
946 2436 1209 2518 cujusque
1222 2461 1327 2519 ego

97 2522 505 2602 ,dignitatia‚ab
519 2521 880 2586 adolescentia
889 2525 1154 2603 samm-,in
1171 2547 1327 2608 prae-
