1700 3059
362 190 447 265 84
580 189 705 245 AD
750 187 1350 248 FAM1L1ARES

360 288 623 372 quisunt,
644 289 942 351 deteiiores
957 289 1099 350 fiunt
1122 293 1326 368 rogati.
1359 289 1453 352 sed
1469 295 1578 354 tibi

360 399 573 440 morem
589 377 742 457 geffi:
772 378 961 438 literas
977 377 1046 437 ad
1061 398 1185 436 eum
1203 376 1404 458 scripfi‚
1427 399 1576 458 quas

361 486 490 527 cum
502 466 802 548 acceperis,
830 465 997 525 facies
1019 463 1171 544 quod
1194 463 1372 524 voles.
1421 466 1573 526 vale.

382 657 472 700 m„
496 657 641 700 nc·
666 656 1087 698 IMPERATOR
1131 657 1191 713 q,-
1225 657 1536 700 THERMO

629 742 1128 785 PROPRAETORI
1158 746 1208 788 s.
1231 743 1300 785 n.

452 810 711 872 Officium
725 831 909 870 meum
925 831 1052 890 erga
1067 810 1420 888 Rhodonem,
1443 833 1576 873 cae·
1607 814 1656 858 ¹⁸

358 915 591 978 tet-aque
604 919 723 957 mea
738 896 1006 977 studia,qu
1013 917 1078 956 ae
1091 899 1192 956 tibi
1209 918 1274 957 ac
1288 900 1399 957 tuis
1417 920 1579 977 prae-

363 986 495 1063 stiti,
521 987 625 1045 tibi
644 985 858 1044 homini
873 983 1166 1060 gratiffimo
1189 1000 1344 1062 grata
1359 984 1466 1044 effe
1479 1007 1580 1045 ve-

362 1077 646 1136 hementer
665 1071 910 1149 gaudeoz
936 1071 1184 1150 mihique
1212 1068 1348 1130 scito
1372 1074 1432 1130 in
1458 1072 1582 1132 dies

364 1161 565 1237 majori
580 1178 740 1218 curae
753 1156 858 1216 effe
872 1156 1199 1235 dignitatem
1225 1172 1408 1216 tuam:
1436 1179 1584 1238 quae

365 1245 587 1327 quidem
604 1265 635 1303 a
650 1243 837 1323 teipso
867 1245 1185 1322 integritate
1205 1259 1263 1303 et
1285 1243 1583 1306 clementia

366 1348 463 1393 tua
478 1329 549 1390 fic
562 1329 891 1411 amplificata
919 1329 1015 1406 est,
1036 1345 1100 1390 ut
1119 1332 1260 1390 nihil
1285 1330 1409 1390 addi
1427 1331 1583 1412 poffe

366 1419 638 1480 videatur.
672 1416 763 1477 sed
776 1419 934 1493 mihi,
949 1419 1124 1495 magis
1141 1417 1418 1499 magisque
1432 1438 1583 1498 quo·

368 1504 504 1565 tidie
518 1505 586 1565 de
606 1505 916 1564 rationibus
939 1507 1050 1563 tuis
1075 1505 1367 1582 cogitanti,
1398 1506 1583 1585 placet

368 1591 507 1655 illud
530 1612 715 1652 meum
736 1588 1046 1666 confilium,
1069 1590 1221 1670 quod
1239 1592 1405 1650 initio
1427 1590 1582 1651 Aris·

368 1681 497 1741 toni
512 1677 720 1754 nostro,
733 1693 799 1737 ut
812 1676 880 1736 ad
898 1698 984 1736 me
995 1674 1402 1750 venit,·ostendi
1418 1701 1437 1737 ε
1453 1699 1584 1756 gra-

368 1788 469 1827 ves
486 1782 541 1826 te
555 1764 926 1846 suscepturum
953 1765 1289 1837 inimicitias,
1314 1763 1352 1822 fi
1369 1762 1584 1824 adoles-

368 1873 505 1913 cens
522 1867 722 1932 potens
744 1867 799 1910 et
814 1851 1020 1910 nobilis
1038 1871 1068 1909 a
1085 1866 1140 1910 te
1155 1852 1468 1928 ignominia
1497 1851 1584 1911 af·

372 1937 545 1999 fastus
568 1937 715 1998 effet.
760 1953 818 1997 et
839 1937 1022 1997 hercle
1042 1936 1155 1996 fine
1176 1938 1344 1996 dubio
1362 1940 1470 1996 erit
1497 1941 1584 2016 ig-

374 2026 659 2085 nominia:
684 2027 853 2085 habes
869 2027 1018 2084 enim
1036 2026 1313 2083 neminem
1337 2026 1580 2084 honoris

373 2111 547 2190 gradu
576 2109 928 2191 superiorem.
974 2110 1065 2171 ille
1088 2125 1292 2184 autem,
1323 2125 1386 2169 ut
1409 2112 1583 2170 omit·

374 2213 489 2258 tam
520 2198 889 2274 nobilitatem,
930 2199 1040 2257 hoc
1069 2195 1187 2275 ipso
1217 2197 1396 2256 vincit
1423 2199 1584 2256 viros

375 2285 648 2366 optimos,
690 2282 1049 2364 hominesque
1084 2282 1583 2358 innocentissimoS,

375 2372 586 2451 legatos
598 2386 724 2430 tuos
729 2369 902 2450 ,quod
917 2385 974 2429 et
989 2368 1243 2450 quaestor
1252 2367 1585 2448 est,etquae-

376 2458 489 2516 stot-
512 2473 661 2516 tuus.
708 2476 910 2516 nocere
939 2458 1040 2516 tibi
1071 2458 1272 2516 iratum
1301 2458 1583 2516 neminem

372 2541 525 2619 poste
553 2540 858 2624 perspicio:
899 2539 989 2603 sed
1021 2557 1211 2604 tamen
1242 2556 1353 2603 tres
1383 2539 1583 2604 fratres
