1700 3059
374 133 747 209 jzl’ls'r.
800 164 946 207 ιη.
985 163 1113 211 vu.
1256 166 1380 232 319

151 248 545 329 frequentius,
576 267 744 327 quam
768 244 997 325 solebat,
1030 250 1207 330 quod,
1228 252 1381 330 quasi

154 356 331 397 avem
363 334 565 410 albam,
601 333 863 395 videntur
895 336 1036 397 bene
1055 334 1382 400 sentientem

154 426 355 489 civem
374 420 595 484 videt-ez
620 420 767 481 abdo
783 424 952 481 mein
967 423 1377 488 bibliothecam.

154 511 363 587 itaque
376 528 543 587 opera
560 508 743 569 efficio
760 523 936 582 tanta,
961 526 1168 589 quanta
1181 510 1382 573 fortas-

159 594 221 655 se
240 610 303 657 tu
318 592 557 679 sentiee„
590 594 845 657 intellexi
869 597 1016 655 enim
1046 617 1116 655 ex
1146 612 1246 657 tuo
1273 598 1380 659 ser-

162 702 347 743 mone
361 682 629 763 quodam,
650 703 775 743 cum
792 702 970 741 meam
988 682 1310 744 moestitiam
1324 702 1382 747 et

162 767 609 850 desperationem
632 767 936 843 accusares,
964 768 1118 827 domi
1149 786 1274 831 tuae
1297 772 1382 833 di-

162 877 299 917 cere
314 872 394 933 te,
412 876 488 915 ex
498 858 635 915 meis
650 855 805 913 libris
829 856 1072 914 animum
1088 876 1269 917 meum
1285 858 1384 919 de·

162 937 424 1005 fiderare.
454 941 547 1003 sed
562 942 869 1003 mehercule
883 957 938 1000 et
953 956 1072 1000 tum
1089 944 1386 1023 rempubli-

166 1029 585 1107 camlugebam,
615 1049 755 1109 quae
778 1049 900 1091 non
921 1025 1100 1087 solum
1124 1027 1230 1088 suis
1255 1051 1384 1109 erga

162 1137 290 1193 me,
310 1114 402 1177 sed
423 1119 588 1177 etiam
611 1118 748 1175 meis
762 1136 894 1195 erga
907 1112 961 1174 se
977 1114 1252 1177 beneficiis
1268 1133 1386 1178 erat

162 1203 311 1273 mihi
327 1206 535 1265 carior:
568 1220 625 1263 et
646 1206 1038 1283 hoctempore,
1065 1223 1385 1284 quanquam

166 1309 265 1353 me
281 1310 400 1351 non
418 1294 560 1351 ratio
572 1290 753 1351 solum
767 1287 1245 1369 consolatur‚quae
1261 1290 1384 1371 plu-

170 1378 379 1439 rimum
394 1378 557 1439 debet
570 1378 776 1449 valere,
800 1376 889 1437 sed
905 1379 1072 1437 etiam
1088 1376 1228 1452 dies,
1243 1396 1386 1457 quae

172 1461 357 1524 stultis
380 1485 605 1545 quoque
627 1464 831 1525 mederi
861 1462 1033 1524 solet=
1067 1479 1250 1524 tamen
1282 1463 1386 1523 do-

170 1550 293 1627 leo,
302 1552 382 1610 ita
396 1570 511 1613 rem
528 1556 880 1613 communem
895 1548 996 1609 effe
1010 1548 1388 1635 dilapsammt,

170 1657 251 1701 ne
281 1634 403 1717 spes
433 1638 677 1718 quidem,
698 1638 895 1699 melius
925 1636 1225 1715 aliquando
1249 1635 1387 1715 fore,

172 1726 544 1805 relinquatur.
590 1748 695 1787 nec
715 1746 852 1785 vero
870 1744 1021 1783 nunc
1037 1720 1256 1801 quidem
1274 1722 1392 1783 cul·

178 1833 253 1894 pa
281 1816 345 1873 in
376 1834 443 1873 eo
472 1812 548 1873 est
555 1857 577 1893 ‚
612 1816 673 1875 in
712 1813 872 1889 cujus
903 1808 1167 1891 potestate
1199 1810 1390 1871 omnia

178 1900 335 1976 sunt,
349 1897 483 1971 (nifi
496 1901 641 1961 forte
656 1899 713 1959 id
726 1896 904 1979 ipsum
919 1894 1022 1957 effe
1036 1916 1157 1956 non
1173 1896 1388 1975 debuit)

178 1986 277 2049 sed
298 1988 407 2047 alia
427 1984 571 2063 casu,
593 1986 701 2047 alia
728 1986 894 2046 etiam
919 1981 1104 2043 nostra
1133 1980 1293 2063 culpa
1309 1980 1390 2042 fic

179 2072 525 2151 acciderunt,
555 2089 620 2133 ut
634 2073 701 2133 de
716 2071 1023 2153 praeteritis
1040 2088 1156 2127 non
1174 2066 1238 2127 fit
1254 2087 1390 2147 que-

180 2161 441 2222 rendum.
488 2160 755 2241 reliquam
781 2155 928 2238 spem
959 2155 1168 2216 nullam
1197 2154 1388 2215 video,

180 2264 353 2325 quare
367 2246 437 2306 ad
450 2249 626 2327 prima
640 2244 827 2304 redeo·
873 2241 1140 2324 sapienter
1155 2244 1288 2301 haec
1303 2260 1391 2297 re·

182 2334 409 2415 liquisti,
423 2332 465 2395 fi
476 2332 736 2396 confilim
755 2330 1004 2410 feliciter,
1019 2324 1216 2391 ficasu.
1239 2324 1387 2387 vale.
