1700 3059
326 177 453 242 312
548 165 675 222 An
720 165 1325 222 FamerAREs

322 261 551 342 aliquod
565 259 764 322 fiaiss'et.
810 261 1047 334 feliciuS,
1069 279 1230 340 put0,
1251 283 1382 321 cum
1398 259 1544 323 Axii-

321 371 437 410 ano
455 347 745 426 tranfigere
764 345 1054 426 poffemus.
1085 349 1240 427 quod
1255 351 1360 408 tibi
1375 351 1538 410 desti-

324 455 489 496 naras
512 437 988 513 trapezophoron,
1011 432 1054 490 fi
1081 449 1136 492 te
1155 435 1412 510 deberat,
1436 441 1536 496 ha-

321 524 503 582 bebis:
530 519 607 580 sm
626 535 804 580 autem
820 519 1146 580 sententiam
1163 520 1404 595 mutasti,
1424 541 1536 600 ego

320 610 531 668 habebo
562 605 783 666 scilicet.
832 605 926 664 ista
947 607 1168 684 quidem
1203 605 1410 666 summa
1425 627 1536 668 nae

318 713 427 772 ego
444 690 619 752 multo
639 691 902 751 libentius
923 693 1148 750 emerim
1161 692 1534 756 diversorium

320 782 683 852 Tarracinae,
712 799 783 838 ne
806 777 1012 857 semper
1041 778 1240 857 hospiti
1269 781 1536 842 molestus

317 865 438 926 ssm.
486 868 723 924 omnino
753 864 936 924 liberti
965 867 1072 924 mei
1093 865 1260 924 video
1283 865 1385 925 effe
1409 870 1536 927 cu}-

317 971 467 1034 pam,
498 954 587 1012 eui
606 949 767 1030 plane
782 971 870 1010 res
891 968 1066 1010 certas
1089 951 1412 1012 mandaram
1431 977 1449 1012 ε
1483 956 1536 1014 i—

318 1053 539 1117 temque
554 1040 896 1116 Junii‚quem
912 1055 1050 1115 puto
1065 1040 1166 1096 tibi
1181 1054 1380 1098 notum
1395 1039 1534 1117 effe,

315 1127 521 1185 Aviani
559 1125 906 1184 familiarem.
959 1123 1220 1184 exhedria
1253 1128 1536 1203 quaedam

314 1213 451 1272 mihi
464 1231 617 1270 nova
628 1209 756 1268 sunt
770 1209 1014 1270 instituta
1027 1213 1086 1270 in
1097 1211 1370 1290 porticula
1381 1219 1482 1272 Tu
1489 1213 1538 1273 s·

314 1299 521 1360 culani.
570 1297 906 1356 ea·volebam
923 1297 1134 1356 tabellis
1151 1318 1375 1357 ornare.
1411 1317 1532 1360 ete·

314 1388 457 1458 nim,
484 1383 520 1444 fi
538 1384 671 1462 quid
694 1385 912 1460 generis
927 1382 1222 1442 istiusmodi
1238 1405 1327 1444 me
1343 1385 1530 1445 delec-

191 1455 197 1472 ⁴
314 1487 423 1546 tat,
450 1474 659 1549 pierura
688 1471 942 1528 delcetat.
989 1467 1077 1528 sed
1115 1485 1326 1542 tamen,
1357 1471 1396 1530 fi
1429 1472 1533 1534 ista

311 1560 447 1620 mihi
476 1555 603 1616 sunt
624 1555 898 1629 habenda,
927 1557 1219 1615 certiorem
1243 1558 1412 1616 velim
1429 1579 1526 1620 me

311 1645 505 1716 faciae,
524 1645 617 1702 ubi
634 1641 763 1715 fint,
785 1640 1382 1720 quananrceffintur‚
1403 1666 1528 1722 quo

310 1751 510 1808 genere
522 1734 807 1798 vefiurae„
842 1728 882 1786 fi
905 1732 1054 1788 enim
1083 1728 1446 1808 Damasippus
1464 1736 1526 1792 in

309 1817 581 1877 sententia
596 1835 715 1875 non
732 1817 998 1889 manebit,
1029 1815 1264 1893 aliquem
1283 1815 1524 1894 pseudo·

308 1901 675 1982 damafippum
690 1901 781 1960 vel
796 1923 920 1960 cum
931 1903 1144 1978 jadkura
1159 1904 1521 1980 reperiemus.

308 1991 465 2069 quod
482 1989 551 2048 ad
567 2008 653 2046 me
668 1987 735 2046 de
748 1988 920 2048 domo
944 1986 1130 2047 scribis
1147 1990 1368 2060 iterum,
1393 1991 1520 2066 jam

309 2076 369 2136 id
384 2095 488 2152 ego
504 2071 852 2154 proficiscens
869 2073 1190 2134 mandabam
1205 2095 1358 2134 meae
1373 2077 1522 2136 Tul-

307 2161 433 2223 liae.
480 2181 542 2218 ea
572 2163 719 2218 enim
750 2159 864 2238 ipsa
885 2164 1020 2222 hora
1043 2180 1358 2239 acceperam
1387 2177 1516 2224 tuas

305 2248 491 2310 literas
512 2269 529 2305 ε
574 2266 789 2322 egeram
826 2251 986 2306 etiam
1025 2267 1148 2304 cum
1187 2261 1286 2304 tuo
1331 2250 1516 2324 Nicia,

308 2334 461 2412 quod
478 2336 525 2391 is
542 2334 736 2407 utitur,
750 2347 813 2391 ut
828 2332 930 2392 scis
937 2332 1292 2405 ‚familiariter
1309 2335 1512 2395 Canio.

304 2421 517 2477 utredii
540 2433 744 2488 autem,
776 2421 926 2495 prius
959 2439 1124 2495 quam
1149 2439 1268 2477 tuas
1283 2419 1394 2496 legi
1411 2423 1514 2480 hat

302 2506 589 2594 proximas
598 2504 811 2581 literas,
824 2503 1066 2588 quaefivi
1077 2504 1146 2567 de
1159 2525 1282 2566 mea
1297 2505 1528 2586 Tullia,
