1700 3059
364 167 448 225 40
581 156 704 211 AD
749 154 1360 217 FAM1L1AREs
1429 107 1433 110 ¹

357 254 414 315 se
427 267 482 313 et
497 258 767 316 numerari
781 256 999 333 v010‚et
1011 255 1281 318 sententia
1294 274 1350 319 et
1364 257 1565 321 volun-

357 356 444 402 tas
459 357 668 403 mutata
683 340 784 402 effe
797 342 980 405 debet.
1014 344 1071 405 id
1086 346 1233 404 enim
1242 347 1405 423 jubet
1418 347 1564 407 idem

353 425 448 487 ille
454 428 610 489 Plato
613 448 797 509 ,quem
807 450 911 507 ego
921 433 1272 491 vehementer
1286 436 1563 493 auetorem

353 511 574 594 sequor,
598 514 620 548 ‘
635 516 862 575 'tantum
878 516 1223 577 contendere
1243 519 1301 577 in
1317 518 1562 598 republi-

353 600 376 633 ‘
397 622 483 675 ca,
490 616 761 681 quantum
774 604 1006 683 probare
1016 604 1127 662 tuis
1142 605 1354 663 civibus
1369 605 1567 683 possis:

353 684 378 722 ‘
396 690 512 747 vim
527 707 707 768 neque
719 691 960 768 parenti,
982 708 1164 767 neque
1174 692 1385 771 patriae
1398 689 1557 750 affer·

349 772 374 807 ‘
396 794 458 833 re
484 776 802 855 oportere),
840 789 1005 854 atque
1034 778 1177 835 hanc
1206 775 1430 854 quidem
1465 776 1557 835 ille

349 858 563 923 caustum
579 856 674 919 fibi
697 862 774 919 ait
787 881 909 920 non
924 861 1277 939 attingendae
1293 861 1554 941 reipubli-

347 966 444 1007 cae
457 945 630 1005 fuisset
648 946 801 1025 quod
817 968 946 1007 cum
961 945 1269 1007 offendiffet
1284 950 1555 1028 populum

344 1030 738 1095 Atheniensem
759 1053 935 1113 prope
956 1034 1074 1112 jam
1104 1032 1456 1113 desipientem
1473 1033 1554 1094 se-

341 1124 586 1197 meante,
606 1139 844 1199 eumque
860 1140 996 1179 -eum
1026 1140 1129 1179 nee
1151 1118 1552 1199 persuadendo,

340 1226 448 1267 nec
462 1204 714 1284 cogendo
731 1206 847 1284 regi
864 1202 1011 1285 posse
1024 1204 1262 1280 vidistin,
1286 1226 1413 1267 cum
1428 1228 1552 1287 per·

335 1290 548 1353 suaderi
578 1289 728 1372 poss‘e
749 1290 1041 1368 diffideret,
1064 1294 1189 1370 cogi
1208 1292 1293 1352 fas
1311 1292 1417 1353 effe
1430 1314 1551 1354 non

339 1380 718 1439 arbitraretur.
763 1398 883 1438 mea
912 1381 1057 1439 ratio
1090 1377 1197 1438 fuit
1224 1376 1353 1453 alia,
1396 1379 1551 1459 quod

333 1485 523 1546 neque
535 1463 830 1544 defipiente
858 1466 1093 1545 populo,
1119 1482 1301 1545 neque
1332 1466 1551 1544 integra

342 1572 406 1615 re
425 1553 558 1612 mihi
588 1550 656 1611 ad
686 1550 1109 1626 consulendum,
1153 1548 1549 1631 capesseremne

337 1639 766 1720 rempublicam,
803 1636 1113 1718 implicatus
1145 1640 1391 1697 tenebar.
1457 1636 1551 1699 sed

251 1784 258 1789 ,
336 1726 570 1789 laetatus
585 1741 770 1785 tamen
793 1721 933 1799 sum,
958 1723 1111 1803 quod
1131 1725 1265 1783 mihi
1282 1724 1473 1783 liceret
1488 1728 1549 1784 in

333 1812 527 1872 eadem
543 1809 699 1872 causa
713 1825 768 1869 et
781 1810 918 1869 mihi
934 1809 1109 1885 utilia,
1122 1824 1177 1869 et
1194 1810 1371 1869 cuivis
1388 1811 1548 1870 bono

333 1902 482 1959 resta
493 1895 808 1955 defendere.
854 1896 1185 1956 hucaeceffit
1208 1915 1549 1957 commemo-

335 1982 512 2045 randa
527 1980 812 2062 quaedam,
833 1996 891 2041 et
904 1980 1097 2041 divina
1118 1979 1361 2040 Caesaris
1379 1983 1441 2041 in
1458 2002 1552 2043 me

333 2068 881 2148 fratremquemeum
904 2066 1232 2127 liberalitas:
1264 2068 1361 2145 qui
1382 2069 1551 2144 mihi,

333 2152 690 2235 quascunque
719 2174 806 2212 res
836 2169 1072 2231 gereret,
1106 2150 1343 2213 tuendus
1380 2152 1547 2229 essetg

332 2241 565 2301 nuncin
586 2254 741 2299 tanta
767 2238 1048 2315 felicitate,
1072 2236 1350 2317 tantisque
1365 2239 1549 2299 viCto·

224 2384 231 2391 .
335 2329 457 2404 riis,
479 2328 645 2386 etiam
674 2325 714 2386 fi
744 2326 803 2384 in
835 2344 947 2386 nos
971 2346 1093 2385 non
1117 2327 1167 2385 is
1190 2322 1318 2389 effet
1332 2325 1430 2403 qui
1444 2324 1547 2403 est,

335 2428 521 2473 tamen
551 2410 833 2473 ornandus
864 2410 1163 2473 videretur.
1209 2406 1281 2470 fic
1309 2411 1460 2469 enim
1486 2426 1549 2471 te

333 2497 638 2561 existimare
664 2497 857 2577 velim,
879 2516 1005 2560 cum
1034 2516 1067 2559 a
1080 2497 1265 2576 vobiS,
1289 2512 1443 2561 meae
1455 2494 1547 2561 saz-
