1700 3059
354 231 481 298 340
567 222 693 278 AD
736 217 1344 278 FAMILIARES

350 313 583 376 honesta
606 311 758 374 sunt.
802 310 1054 373 consules
1075 325 1266 374 autem
1295 317 1584 377 habemus

346 399 556 462 summa
570 399 849 478 diligentia
861 421 880 457 ε
897 399 1074 458 adhuc
1085 398 1278 458 senatu
1285 401 1582 462 s-consul·

346 501 491 561 tum,
522 484 619 544 nifi
632 485 699 544 de
712 485 862 544 feriis
879 486 1121 558 Latinis,
1149 485 1372 544 nullum
1388 486 1580 547 facere

352 585 679 650 potuerunt.
742 571 977 628 Curioni
1005 568 1196 629 nostro
1235 573 1570 632 tribunatus

348 656 681 735 conglaciat.
704 654 795 714 sed
810 655 920 715 diei
935 673 1055 715 non
1071 654 1252 734 potest
1267 657 1578 734 quomodo

348 743 443 802 hie
467 744 661 801 omnia
678 740 923 818 jaceant.
981 739 1078 800 nifi
1101 761 1206 817 ego
1222 762 1357 802 eum
1386 745 1576 802 taber·

344 828 517 886 uariis
545 842 604 885 et
644 825 888 904 aquariis
917 845 1245 905 pugnarem,
1285 843 1573 888 veternus

346 913 625 972 civitatem
640 908 969 990 occupasset.
1022 910 1062 970 fi
1083 913 1272 970 Parthi
1285 933 1400 972 vos
1425 915 1576 973 nihil

344 997 666 1072 calfaciunt,
696 1016 803 1054 nos
840 1000 932 1056 hic
961 995 1165 1073 frigore
1189 995 1570 1073 frigescimus.

346 1099 555 1158 tamen,
565 1101 796 1162 quoquo
809 1081 984 1142 modo
995 1085 1088 1150 hie
1101 1083 1570 1161 omniajaceant,

346 1172 533 1248 potuit
560 1167 673 1227 fine
706 1169 942 1227 Parthis.
990 1166 1216 1226 Bibulus
1238 1168 1304 1226 in
1327 1175 1568 1230 Amano

345 1250 527 1312 nescio
552 1253 686 1331 quid
712 1251 1179 1312 cohorticularum
1200 1252 1407 1314 amisit.
1456 1258 1570 1316 hoe

346 1335 419 1400 fic
435 1339 752 1396 nuntiatum
766 1335 864 1397 est.
889 1337 1040 1417 quod
1057 1339 1159 1397 tibi
1174 1335 1340 1416 supra
1351 1338 1569 1420 scripfi,

346 1424 647 1484 Curionem
662 1420 823 1482 valde
836 1421 1054 1500 frigere,
1077 1423 1198 1498 jam
1212 1423 1363 1482 calet
1379 1447 1399 1483 t
1427 1446 1562 1486 nam

344 1505 727 1568 ferventissime
761 1510 1137 1585 concerpitur.
1195 1507 1466 1570 leviffime
1503 1531 1560 1568 e-

346 1594 485 1666 nim,
514 1593 642 1671 quia
658 1593 727 1652 de
740 1592 1118 1652 intercalando
1145 1613 1266 1652 non
1293 1596 1556 1654 obtinue-

344 1692 451 1751 rat,
481 1677 781 1754 transfugit
805 1676 874 1735 ad
897 1676 1188 1756 populum,·
1209 1693 1268 1736 et
1283 1700 1396 1756 pro
1414 1688 1552 1738 Cae·

347 1760 458 1822 sare
490 1763 645 1840 loqui
682 1763 902 1840 coepite
949 1762 1232 1840 legemque
1273 1766 1555 1840 viariam,

344 1867 467 1906 non
506 1846 803 1906 dissimilem
838 1850 1099 1924 Agrariae
1135 1847 1306 1920 Rulli,
1337 1865 1394 1908 et
1431 1850 1553 1910 Ali·

344 1934 693 2004 mentariam,
716 1952 878 2011 -quae
907 1933 1068 2008 jubet
1103 1931 1306 1990 aediles
1345 1937 1552 2010 metiri,

336 2016 587 2094 jaftavit.
635 2020 741 2078 hoc
758 2017 1009 2076 nondum
1033 2017 1264 2090 fecerat,
1296 2039 1424 2076 cum
1435 2023 1546 2098 pri·

341 2121 494 2160 orem
510 2118 719 2180 partem
736 2101 994 2180 epistolae
1018 2100 1218 2180 fcripfi.
1252 2106 1452 2163 amabo
1469 2121 1545 2180 te,

343 2183 385 2244 fi
408 2187 562 2264 quid,
593 2186 746 2265 quod
768 2207 912 2266 opus
929 2187 1114 2261 fuerit,
1145 2189 1334 2264 Appio
1357 2188 1545 2265 facies,

342 2273 544 2351 ponito
572 2293 662 2330 me
684 2274 743 2329 in
766 2275 964 2348 gratia.
1009 2271 1078 2332 de
1099 2272 1390 2332 Dolabella
1406 2277 1544 2334 inte·

343 2375 503 2430 grum
526 2358 623 2415 tibi
646 2354 911 2431 reserves,
941 2355 1158 2416 suadeo.
1203 2372 1260 2414 et
1282 2361 1413 2417 huie
1443 2363 1541 2437 rei,

342 2439 411 2495 de
428 2459 537 2516 qua
551 2441 775 2518 loquor,
794 2457 852 2500 et
863 2441 1121 2517 dignitati
1137 2456 1283 2516 tuae,
1301 2447 1541 2522 aequita-

339 2519 515 2599 tisque
541 2527 799 2604 opinioni
826 2529 940 2588 hoc
975 2527 1056 2586 ita
1083 2526 1262 2588 facere
1295 2530 1536 2610 expedit.
