1700 3059
440 140 775 199 EPIST.
826 154 972 197 mn.
1010 155 1144 197 vu.
1265 154 1381 217 291

174 256 333 319 tuae,
353 260 459 305 nec
472 261 537 301 en
550 240 813 323 vulgaria,
843 236 934 301 sed
949 260 1075 301 cum
1095 238 1286 321 aliquo
1301 240 1390 300 in·

176 328 323 409 figni
334 327 547 392 indicio
562 349 715 389 meae
734 348 864 407 erga
878 342 934 387 te
947 326 1388 387 benevolentiae.

175 430 247 479 tu
258 414 431 477 modo
446 417 684 497 ineptias
700 414 852 490 istas,
873 432 930 474 et
955 412 1212 475 desideria
1233 414 1386 475 urbis

170 518 240 565 et
268 504 597 563 urbanitatis
629 501 880 581 depone:
926 516 984 561 et
1011 520 1128 583 quo
1159 488 1406 561 confilio‘

96 652 105 659 ,
170 576 460 671 profectus
476 610 561 665 es,
576 588 633 649 id
649 588 948 649 affiduitate
963 602 1018 649 et
1031 590 1236 647 virtute
1251 606 1392 649 con-

170 674 423 757 sequere.
470 678 581 749 hqc
595 676 698 735 tibi
709 690 821 735 tam
838 672 1181 753 ignoscemus
1197 694 1304 735 nos
1328 694 1386 735 a·

166 764 334 839 mici,
363 764 533 843 quam
557 763 900 841 ignoverunt
928 760 1180 837 Medeae,
1207 759 1228 793 ‘
1251 780 1392 841 quae

168 849 197 884 ‘
227 850 563 911 Corinthum
578 870 763 911 arcem
786 848 952 909 altam
973 850 1250 909 habebant
1271 868 1389 909 ma·-

168 936 199 970 ‘
224 952 426 999 tronae
449 936 771 1018 opulentae,
790 936 1116 1017 optimates:
1141 937 1158 962 '
1187 936 1390 1017 quibua

168 1022 277 1089 illa
291 1024 545 1087 manibus
560 1022 940 1104 gypsatissimis
954 1018 1304 1103 persuafitssie
1317 1020 1387 1083 fi·

167 1113 236 1173 bi
247 1112 394 1171 vitio
409 1109 536 1171 illae
550 1124 852 1186 verterent,
866 1108 1020 1191 quod
1035 1104 1232 1169 abeffet
1244 1128 1277 1169 a
1291 1128 1388 1190 pa·

167 1200 311 1262 tria.
356 1195 379 1229 ‘
399 1218 531 1261 nam
544 1196 703 1257 multi
717 1198 867 1257 suam
883 1216 998 1257 rem
1011 1198 1152 1257 bene
1163 1192 1389 1275 geffere,

169 1284 197 1319 ‘
224 1300 284 1347 et
298 1284 594 1365 publicam,
615 1284 793 1365 patria
810 1283 1029 1364 procul.
1077 1280 1260 1359 multi,
1285 1283 1385 1362 qui

164 1370 196 1407 ‘
228 1370 389 1433 domi
418 1370 651 1435 aetatem
674 1385 920 1451 agerent,
944 1386 1238 1451 propterea
1255 1368 1386 1431 sunt

166 1458 197 1492 ‘
223 1459 565 1539 improbati.’
596 1460 786 1538 quoin
808 1478 1040 1519 numero
1057 1470 1116 1517 tu
1137 1471 1281 1519 cette
1295 1455 1382 1516 fu-

168 1543 327 1621 iffies,
341 1544 441 1605 nifi
456 1560 511 1605 te
526 1542 945 1607 extrufiffemus.
977 1542 1066 1605 sed
1083 1544 1242 1623 plura
1257 1540 1386 1603 scri-

0 1690 5 1696 .
166 1634 372 1693 bemus
396 1632 553 1693 alias.
599 1648 662 1691 tu
678 1633 775 1712 qui
796 1634 1020 1691 caeteris
1043 1650 1232 1691 cavere
1245 1626 1388 1688 didi·

0 1740 31 1787 μ’.
168 1718 319 1793 cisti,
349 1721 409 1778 in
424 1720 710 1779 Britannia
732 1739 803 1777 ne
820 1720 888 1777 ab
903 1715 1169 1777 effitdariis
1185 1715 1388 1795 decipi·

27 1822 34 1831 ‘
168 1808 315 1883 aris,
347 1819 569 1865 caveto:
595 1820 673 1881 et,
694 1803 922 1884 quando
953 1801 1204 1863 Medeam
1227 1821 1384 1879 agere

172 1893 364 1971 coepi,
392 1890 527 1950 illud
556 1888 763 1971 semper
784 1906 1090 1965 memento,
1114 1888 1134 1920 ‘
1159 1890 1256 1968 qui
1285 1886 1383 1967 ipfi

172 1978 201 2015 ‘
225 1978 324 2039 fibi
338 1976 551 2060 sapiens
572 1976 819 2059 prodeffe
836 1998 956 2037 non
972 1979 1116 2056 quit,
1145 1974 1383 2057 nequid·

170 2066 199 2101 ‘
224 2086 393 2148 quam
410 2063 593 2147 sapit?
638 2085 768 2125 cura
782 2078 847 2123 ut
858 2062 1068 2123 valeas·

0 2186 27 2228 aa

441 2256 697 2299 cml-:ao
730 2247 1120 2297 τιιεητιο.

2 2362 27 2402 p.
106 2338 146 2393 7
263 2328 387 2403 Ego
416 2340 472 2384 te
486 2323 873 2385 commendare
897 2345 1020 2387 non
1043 2320 1262 2395 des1st03
1291 2318 1382 2381 fied

5 2430 47 2505 qa
170 2411 312 2491 quid
328 2411 638 2491 proficiam,
658 2432 731 2473 ex
760 2426 816 2470 te
838 2409 974 2473 scite
995 2413 1184 2490 cupio.
1235 2407 1382 2488 spem

0 2516 53 2582 *kf
170 2499 477 2563 maximam
502 2500 679 2567 habeo
708 2501 770 2561 iu
792 2497 1000 2561 Balbo:
1033 2496 1102 2557 ad
1126 2516 1293 2577 quem
1317 2492 1390 2555 de

0 2614 53 2669 θ
