1700 3059
347 202 474 266 240
563 189 687 246 AD
734 185 1354 245 PAM·1L1:ARES

341 291 690 351 divinatione
704 309 821 348 mea
833 287 1033 346 fafium
1048 285 1146 359 est,
1168 302 1365 345 tamen
1386 289 1450 346 in
1470 289 1575 349 hac

327 379 498 436 inani
513 376 837 458 prudentiae
854 372 1015 432 laude
1034 371 1300 432 dekstor.
1332 373 1570 448 deinde,

318 463 495 542 'qnod
523 464 656 520 mihi
685 461 753 520 ad
783 458 1221 520 consolationem
1253 477 1570 520 commune

319 563 520 608 ›tecum
537 547 633 623 est,
657 545 695 606 fi
719 547 835 624 jam
854 565 1021 605 vocer
1049 544 1118 603 ad
1132 546 1349 603 exitum
1384 547 1561 622 vitae,

324 636 626 694 ·nonabea
655 632 929 712 republica
954 629 1177 706 avellar,
1208 650 1325 709 qua
1356 653 1559 692 caren-

271 769 276 774 .
338 719 472 779 dum
489 719 590 778 ess'e
611 718 845 792 doleam,
876 715 1187 797 praesertim
1218 737 1347 776 cum
1366 719 1430 778 id
1447 718 1559 779 fine

337 805 454 864 ullo
469 803 621 864 sensu
637 804 883 864 futurum
898 801 983 863 fit.
1030 802 1261 880 adjuvat
1274 806 1450 865 etiam
1458 825 1557 866 ae·

340 907 450 965 tas,
473 906 528 950 et
539 893 658 950 afta
673 891 792 968 jam
813 891 951 964 vita,
972 910 1113 970 quae
1128 909 1255 948 cum
1270 889 1439 950 eursu
1452 889 1553 952 suo

321 979 478 1038 bene
491 976 742 1036 confee'to
757 975 1077 1051 delee'tatur,
1101 987 1217 1034 tum
1234 991 1391 1036 vetat
1407 979 1467 1036 in
1482 998 1551 1037 eo

337 1066 453 1125 vim
471 1066 683 1138 timere,
713 1083 828 1142 quo
852 1083 959 1122 nos
976 1063 1093 1140 jam
1108 1076 1309 1120 natura
1322 1062 1441 1143 ipsa
1454 1084 1546 1144 pe-

335 1171 410 1210 ne
423 1149 754 1230 perduxerit.
801 1147 1097 1228 postrem0,
1129 1151 1175 1206 is
1192 1149 1304 1223 vir,
1334 1150 1431 1208 vel
1445 1151 1547 1209 eti·

333 1257 422 1295 mn
437 1237 477 1294 ii
493 1237 598 1296 viri
614 1238 721 1296 hoc
735 1234 882 1295 bello
904 1233 1245 1308 occiderunt,
1276 1249 1343 1292 ut
1355 1236 1543 1315 impu·

323 1321 522 1382 dentia
536 1319 786 1380 videatur
806 1320 1035 1382 eandem
1058 1319 1369 1396 fortunam,
1398 1320 1440 1380 fi
1455 1341 1542 1381 res

321 1424 514 1486 cogat,
561 1407 822 1468 recusare.
886 1406 1135 1488 equidem
1169 1408 1309 1465 mihi
1347 1410 1540 1468 omnia

329 1514 612 1575 propono,
643 1515 746 1553 nec
774 1493 945 1552 ullum
966 1491 1040 1551 est
1062 1506 1278 1552 tantum
1302 1493 1533 1572 malum,

326 1581 494 1660 quod„
514 1601 634 1641 non
665 1595 853 1661 putem
882 1578 1217 1657 impendere.
1285 1577 1376 1638 sed
1406 1599 1531 1639 cum

329 1667 453 1747 plus
467 1671 528 1726 in
543 1666 836 1726 metuendo
852 1665 980 1723 mali
994 1663 1240 1743 fit,quam
1256 1666 1314 1722 in
1330 1663 1454 1746 ipso
1466 1667 1529 1726 il-

328 1753 391 1813 lo
408 1753 560 1834 quod
575 1756 820 1828 timetur,
837 1750 1023 1811 defino
1038 1774 1055 1810 τ
1072 1749 1384 1831 praesertim
1402 1773 1525 1813 cun

329 1839 664 1919 impendeat,
687 1841 746 1897 in
771 1859 887 1918 quo
902 1858 1021 1897 non
1044 1837 1215 1897 modo
1232 1837 1533 1898 dolornul-

325 1923 632 1999 lus,verum
647 1923 776 1984 finis
791 1927 956 1984 etiam
975 1923 1187 1983 doloris
1204 1923 1424 1984 futurus
1439 1924 1525 1986 fit.
1594 1981 1603 1996 ,

321 2008 414 2070 sed
441 2014 573 2071 haec
610 2010 739 2070 satis
770 2011 967 2084 multa,
1011 2009 1100 2069 vel
1129 2009 1287 2090 plura
1316 2013 1522 2090 potiuS,

324 2115 490 2177 quam
515 2095 720 2161 necesse
747 2097 874 2156 fuit.
919 2096 1054 2156 facit
1084 2111 1265 2156 autem
1296 2117 1413 2156 non
1438 2097 1520 2158 lo·

323 2185 573 2263 quacitas
594 2203 736 2259 mea,
765 2183 855 2242 sed
881 2179 1271 2243 benevolentia
1297 2181 1517 2262 longio-

325 2289 414 2328 res
429 2268 698 2349 epistolas.
739 2271 983 2328 Servium
1002 2266 1275 2328 discessiffe
1292 2271 1517 2328 Athenis

324 2353 548 2416 moleste
561 2355 691 2414 tuli·
675 2375 828 2414 ·non
845 2357 994 2414 enim
1009 2354 1201 2414 dubito
1207 2355 1363 2432 ,quin
1380 2373 1519 2433 mag-

321 2459 428 2500 nae
441 2442 542 2500 tibi
557 2441 820 2501 levationi
845 2439 1039 2499 solitus
1056 2437 1118 2499 fit
1130 2439 1233 2500 effe
1246 2440 1516 2518 quotidia-

251 2574 268 2604 Χ,
317 2543 428 2586 nus
443 2524 728 2606 congreffu
735 2545 782 2604 s,
817 2541 876 2588 et
890 2525 1069 2589 sermo
1082 2545 1207 2590 cum
1222 2523 1513 2588 faminans·
