1700 3059
418 152 467 206 E
490 153 532 206 P
556 151 584 206 Ι
606 152 640 204 5
664 149 745 205 T.
798 163 944 206 ιη.
985 163 1148 206 vm.
1263 149 1381 225 367

173 247 330 312 fimul
346 263 534 328 atque,
551 253 694 323 Ave,
716 247 852 306 mihi
865 245 1034 322 dixit,
1055 245 1232 306 statim
1249 247 1388 326 quid

176 333 247 402 de
262 333 319 396 te
333 333 579 410 audiss'et,
593 331 870 414 exposuit.
897 335 1098 412 negavi
1111 354 1199 392 me
1217 330 1351 394 scire
1367 358 1386 396 ε

174 421 271 482 sed
290 422 473 481 tamen
490 422 558 480 ab
574 441 642 480 eo
659 422 884 502 petii,ut
901 421 968 480 ad
987 436 1040 479 te
1056 420 1244 478 literas
1261 422 1390 480 mit·

176 523 342 582 teret,
387 509 587 586 quibus
622 508 859 566 maxime
893 506 965 566 ad
997 505 1395 568 remanendum

178 597 521 656 commoveri
551 591 750 672 posses,
799 614 886 652 me
912 591 1089 652 secum
1105 594 1164 650 in
1190 582 1390 673 Hispa-

177 683 331 744 niam
363 680 537 742 ducit.
572 687 737 754 nam,
776 677 883 738 nifi
913 681 989 738 ita
1017 679 1244 750 faceret,
1281 700 1390 757 ego

176 770 331 851 prius
352 787 515 844 quam
533 766 601 826 ad
618 766 807 826 urbem
824 765 1390 838 accederem,ubicun·

175 875 293 936 que
317 851 471 928 effes,
494 852 564 912 ad
587 869 644 912 te
664 849 1062 931 percurriffem,
1085 865 1141 908 et
1163 853 1273 910 hoc
1289 873 1320 910 a
1337 865 1393 911 te

178 938 436 1024 praesens
460 938 876 1012 contendissem,
901 953 1066 1016 atque
1090 939 1245 996 omni
1260 939 1320 996 vi
1337 952 1393 999 te

180 1024 543 1087 tetinuiffem.
590 1027 755 1084 etiam
768 1040 935 1104 atque
958 1025 1143 1098 etiam,
1167 1024 1393 1102 Cicem,

180 1115 391 1190 cogita,
422 1127 564 1170 nete
578 1109 811 1190 tuosque
840 1130 1036 1168 omnes
1061 1107 1311 1168 funditus
1335 1131 1393 1168 e-

178 1217 389 1260 vertasz
404 1219 475 1256 ne
490 1213 544 1256 te
559 1195 733 1256 sciens
748 1193 1096 1276 prudensque
1109 1217 1178 1254 eo
1193 1195 1392 1256 demit·

180 1299 291 1360 tas,
306 1283 455 1354 unde
468 1285 676 1344 exitum
692 1282 848 1342 vides
867 1281 1078 1342 nullum
1094 1280 1217 1341 effe.
1237 1280 1394 1362 quod

180 1369 225 1432 fi
246 1387 300 1443 te
316 1387 411 1430 aut
433 1391 601 1446 voees
632 1370 980 1448 optimatium
1013 1384 1394 1444 commovent,

180 1472 283 1530 gut
306 1456 709 1518 nonnullorum
728 1457 1018 1526 bominum
1041 1453 1392 1514 insolentiam

182 1544 604 1622 ‚etjae'tationem
619 1543 759 1612 ferte
773 1561 892 1600 non
908 1557 1066 1622 potes
1070 1540 1260 1620 ,eligas
1271 1562 1398 1600 cen-

179 1628 274 1695 seo
291 1629 515 1708 aliquod
527 1628 790 1710 oppidum
805 1649 1040 1690 vacuum
1052 1649 1082 1686 a
1097 1627 1394 1692 bello,dum

180 1719 316 1779 haec
346 1715 743 1790 decernuntur,
767 1735 907 1794 quae
931 1713 1050 1792 jam
1073 1729 1236 1777 erunt
1259 1735 1398 1773 con-

182 1801 404 1872 festajd
418 1799 457 1860 fi
468 1803 688 1877 feceri-s,
699 1817 752 1876 et
764 1823 872 1878 ‚ego
889 1817 943 1870 te
957 1797 1225 1882 sapienter
1239 1797 1396 1860 fecis·-

182 1887 240 1950 se
248 1887 533 1967 judicabo,
550 1904 608 1951 et
623 1886 904 1958 Caesarem
921 1908 1040 1948 non
1055 1885 1328 1948 offendes.

394 2079 706 2122 camus
746 2081 811 2120 c1
830 2079 1102 2122 cenom
1140 2081 1193 2120 S.

111 2165 169 2213 17
257 2151 409 2224 Ergo
422 2167 513 2205 me
528 2147 715 2226 potius
733 2149 791 2206 in
809 2143 1072 2226 Hispania
1085 2143 1239 2204 fuiffe
1255 2159 1400 2220 tum,

186 2253 373 2314 quam·
392 2235 657 2311 Formiis,
688 2253 815 2292 cum
844 2248 904 2290 tu
937 2231 1213 2312 profestus
1243 2251 1303 2290 es
1328 2231 1414 2292 ad·

190 2319 546 2397 Pompeium?
575 2318 727 2398 quod
743 2321 956 2380 utinam
973 2333 1068 2376 aut
1091 2339 1210 2376 non
1225 2318 1285 2376 in
1301 2315 1399 2376 ista

182 2421 346 2486 parte
373 2407 589 2486 Appius
616 2405 904 2480 Claudinz,
941 2419 1038 2482 ant
1067 2425 1187 2464 non
1209 2405 1270 2462 in
1296 2405 1398 2464 bac

188 2496 263 2554 C.
290 2493 487 2572 Curio,
518 2493 679 2572 cujus
698 2493 1039 2556 amicitiame
1051 2490 1314 2576 paulatim
1333 2490 1398 2550 in
