1700 3059
333 112 459 190 306
548 116 674 174 AD
714 117 1326 177 rAMILIAREs

288 291 295 298 .
332 211 487 294 quod
501 211 683 272 delere
706 214 984 289 malueris,
1008 235 1174 296 quam
1198 220 1340 276 haec
1357 212 1574 276 scribe-

295 305 303 312 '
334 320 419 375 re,
448 297 547 358 nifi
574 297 721 360 forte
752 315 876 360 tuas
906 300 1197 364 formulas.
1245 323 1376 362 non
1411 303 1577 362 enim

336 399 477 468 puto
494 402 547 446 te
563 407 710 446 meas
734 385 986 466 epistolas
1003 387 1208 463 delere,
1232 405 1300 448 ut
1319 409 1577 468 reponas

337 487 481 534 tuas.
528 475 722 534 anhoc
738 471 1032 552 fignificas,
1053 476 1192 536 nihil
1215 475 1369 536 fieri?
1397 475 1578 552 frige-

338 580 401 622 re
423 561 507 620 te?
534 581 607 620 ne
622 563 870 620 chartam
885 560 1110 640 quidem
1125 563 1226 622 tibi
1241 559 1301 620 su
1305 562 1576 642 ppedita-

322 647 427 732 J’e?
452 647 573 726 jam
588 644 685 707 ista.
699 661 793 706 tua
806 647 966 728 culpa
980 645 1074 723 est,
1103 650 1201 726 qui
1223 647 1576 708 verecundi·
1695 683 1697 690 ι

337 751 429 794 am
446 737 627 794 tecuin
640 732 933 808 extuleris,
946 750 1002 793 et
1017 755 1136 794 non
1153 738 1248 796 hic
1263 733 1575 795 nobiscum

338 819 651 898 reliqueris·
676 841 782 898 ego
800 835 856 879 te
869 819 1192 896 Balbo‚cum
1211 821 1280 880 ad
1298 844 1412 882 vos
1433 842 1574 901 pro-

338 904 629 980 ficiscetur,
653 927 807 966 more
832 913 1090 966 Romano
1122 909 1568 970 commendabo.

343 1008 429 1068 tu,
464 989 506 1052 fi
526 991 884 1052 intervallum
908 991 1132 1072 longius
1169 996 1276 1071 etit
1305 1015 1570 1054 mearum

339 1078 654 1152 literarum,
676 1099 747 1138 ne
769 1077 835 1138 fis
861 1078 1182 1140 admiratus·
1229 1103 1386 1142 eram
1409 1083 1567 1142 enim

341 1165 633 1226 abfuturus
648 1163 829 1226 meust
842 1165 1047 1246 Aprili.
1069 1170 1168 1226 has
1185 1167 1374 1228 literas
1391 1167 1566 1248 scrip-

300 1251 309 1258 ’
340 1249 387 1312 fi
414 1253 476 1311 in
506 1253 827 1330 Pomptino,
852 1273 978 1312 cum
1015 1253 1086 1314 ad
1113 1254 1304 1314 villam
1331 1255 1570 1324 Metrilii

344 1336 684 1399 Philemonis
700 1336 1047 1398 divertissem:
1063 1361 1136 1400 ex
1151 1341 1388 1419 quajam
1403 1339 1564 1400 audi-

343 1444 493 1485 eram
506 1423 783 1484 fremitum
797 1425 1080 1486 clientium
1101 1448 1382 1503 meorum,
1409 1446 1558 1505 quos

344 1509 571 1590 quidem
587 1514 649 1570 ui
670 1513 807 1570 mihi
828 1511 1146 1576 conciliasti.
1179 1535 1312 1573 nam
1326 1512 1557 1572 Ulubris

344 1599 581 1658 honoris
596 1599 705 1656 mei
720 1595 876 1658 causa
889 1600 1002 1658 vim
1023 1602 1323 1667 maximam
1345 1621 1552 1658 ranun-

298 1687 303 1690 ’
346 1683 602 1748 culorum
618 1681 672 1742 se
686 1683 982 1744 commoffe
997 1684 1301 1746 constabat.
1347 1707 1480 1746 cura
1493 1700 1554 1744 ut

345 1770 552 1834 valeas.
577 1792 651 1832 v1
664 1815 679 1831 .
696 1771 821 1830 idus
841 1771 1020 1852 April.
1041 1773 1111 1832 de
1125 1775 1450 1851 Pomptino·

433 1855 735 1936 Epistolam
764 1873 938 1938 tuam,
969 1879 1133 1938 quam
1163 1859 1348 1938 accepi
1377 1860 1446 1918 ab
1475 1864 1548 1917 L.

347 1944 645 2018 Arruntio,
660 1943 905 2004 conscidi
920 1947 1278 2006 innocentem
1295 1967 1313 2003 t
1337 1945 1478 2004 nihil
1489 1965 1544 2004 e-

256 2065 260 2068 ·
346 2031 465 2090 nim
480 2031 733 2106 habebat,
765 2030 916 2110 quod
943 2053 1062 2090 non
1085 2031 1174 2092 vel
1197 2034 1258 2090 in
1275 2033 1544 2100 concione

347 2120 491 2180 reike,
503 2117 609 2192 legi
632 2115 828 2198 poss'et.
875 2115 968 2178 sed
983 2133 1050 2178 et·
1063 2121 1364 2179 Arruntius
1393 2120 1470 2177 ita
1491 2134 1542 2178 te

344 2200 617 2264 mandasse
644 2205 845 2279 aiebat,
867 2221 997 2264 ettu
1027 2203 1400 2284 adscripseras.
1446 2225 1536 2263 ve·

342 2309 469 2349 rum
482 2287 616 2351 illud
630 2289 761 2350 esto.
776 2292 918 2351 nihil
931 2307 987 2352 te
1001 2290 1072 2352 ad
1085 2313 1174 2352 me
1186 2290 1368 2372 postea
1381 2287 1536 2372 scrip-

344 2373 457 2438 fflse
484 2375 747 2456 demiror,
768 2377 1083 2457 praesertim
1119 2395 1232 2440 tam
1263 2380 1426 2438 novis
1451 2397 1533 2438 re·

316 2455 467 2524 Tm.

546 2845 701 3041 s
794 2735 1408 2844 *²*
