1700 3059
370 197 493 254 ιω
582 187 707 248 AD
752 175 1364 248 FAMrLtAREs

357 283 425 346 hi
442 283 699 349 volumen
716 302 746 339 a
761 275 1065 360 tejp'ienum
1079 279 1332 359 querelae
1345 279 1598 362 iniquis?-

370 370 551 445 fimae‚
583 361 956 440 reddiderunt,
995 364 1148 444 quod
1171 386 1363 428 eorum
1387 369 1596 430 acdifi-

357 459 643 531 catiouem
658 453 831 514 literis
849 455 986 512 meis
999 451 1356 532 impediffem.
1387 454 1592 526 eadem

366 558 549 604 autem
572 539 795 620 epistola
811 541 1059 620 petebas,
1089 555 1152 598 ut
1167 560 1265 600 eos
1277 561 1452 620 quam
1467 545 1592 623 pri-

366 651 537 703 mum,
556 650 626 686 ne
642 629 701 688 in
718 628 952 688 hiemem
967 625 1298 700 inciderent,
1316 627 1386 688 ad
1403 627 1586 688 facul-

360 731 535 776 tatem
551 712 872 774 aedificandi
889 713 1193 773 liberarem
1207 730 1262 774 et
1275 711 1437 776 fimul
1451 736 1588 796 per-

366 819 525 864 acute
548 802 869 878 querebare,
917 799 1072 879 quod
1100 819 1197 858 eos
1229 798 1440 860 tributa
1461 803 1588 864 exi-

364 907 489 966 gere
510 901 780 962 vetarem,
808 884 1124 966 priusquam
1146 906 1254 963 ego
1275 907 1334 946 re
1349 890 1586 966 cognita

364 971 725 1056 permisissem.
772 993 948 1049 genus
964 975 1114 1032 enim
1129 973 1410 1050 quoddam
1425 967 1588 1036 fuiffe

366 1059 730 1140 impediendi,
775 1079 900 1120 etun
937 1080 1044 1135 ego
1081 1058 1418 1136 cognoscere
1457 1083 1582 1122 nou

360 1146 593 1230 poffem,
618 1145 857 1214 nifieum
881 1147 950 1206 ad
973 1148 1206 1213 hiemem
1231 1167 1321 1212 me
1341 1166 1416 1206 ex
1439 1147 1588 1214 cili-

356 1235 451 1298 cia
466 1231 794 1312 recepissem.
840 1231 914 1294 ad
927 1234 1117 1296 omnia
1131 1236 1342 1313 accipe,
1361 1250 1421 1294 et
1444 1255 1586 1313 eog-

368 1318 531 1387 nosce
569 1321 896 1400 aequitatem
932 1319 1390 1400 expostulationis
1430 1337 1582 1382 tuae.

367 1409 627 1488 primum,
657 1427 783 1470 cum
804 1405 876 1468 ad
901 1425 996 1466 me·
1023 1405 1230 1469 aditum
1253 1405 1383 1466 effet
1397 1410 1470 1468 ab
1485 1409 1583 1483 iis,

359 1495 465 1572 qui
480 1493 724 1552 dicerent
741 1514 771 1552 a
787 1490 837 1552 se
854 1493 1221 1552 intolerabilia
1239 1495 1445 1553 tributa
1461 1496 1583 1556 exi-

368 1583 457 1660 εἰς
493 1581 627 1660 quid
642 1580 830 1639 habuit
853 1581 1184 1660 iniquitatis,
1217 1601 1305 1640 me
1321 1575 1586 1658 scribere,

369 1688 445 1728 ne
460 1667 701 1728 facerent
718 1682 869 1740 ante,
901 1687 1065 1746 quam
1082 1688 1188 1744 ego
1204 1688 1320 1726 rem
1335 1666 1584 1730 causam-

372 1769 481 1834 que
511 1752 821 1830 cognossem
839 1754 862 1812 ἓ
911 1775 1030 1813 non
1061 1769 1333 1834 poteram,
1379 1754 1584 1832 credo»,

374 1856 502 1899 ante
518 1843 748 1899 hiemem
766 1862 781 1898 ε
806 1837 877 1899 fic
893 1842 1040 1899 enim
1057 1839 1268 1901 scribis·
1315 1839 1472 1919 quali
1485 1863 1584 1902 ve·

366 1941 437 1986 ro
456 1926 520 1985 ad
537 1924 980 2002 cognoscendum
996 1947 1097 2006 ego
1115 1927 1182 1986 ad
1197 1926 1348 2001 illos»,
1361 1949 1485 1986 non
1502 1927 1583 1987 illi

376 2012 446 2071 ad
462 2033 547 2071 me
562 2015 749 2071 venire
766 2011 1072 2072 debuerint.
1122 2029 1234 2072 tam
1251 2013 1420 2090 longe
1437 2008 1464 2074 ἶ
1492 2017 1582 2074 in·

374 2101 522 2179 quia.
580 2099 753 2178 quid?
786 2119 911 2158 cum
941 2099 1106 2158 dabas
1139 2102 1205 2158 iis
1236 2099 1445 2174 literaS,
1487 2121 1584 2181 per

373 2204 513 2264 quas
546 2206 757 2246 mecum
787 2187 1007 2262 agebaS,
1033 2208 1104 2246 ne
1127 2206 1222 2245 eos
1255 2187 1582 2264 impedirem

375 2291 490 2352 quo
504 2275 689 2332 minus
702 2288 828 2331 ante
842 2275 1075 2332 hiemem
1092 2271 1582 2342 aedificarent‚non

372 2379 471 2420 eos
488 2359 554 2420 ad
570 2381 656 2419 me
676 2374 948 2420 venturos
971 2358 1338 2421 arbitrabare?
1371 2355 1582 2420 tametfi

376 2447 435 2506 id
453 2447 671 2522 quidem
701 2446 950 2506 fecerunt
973 2445 1215 2506 ridicule.
1265 2466 1404 2522 quas
1429 2439 1579 2506 enim

374 2530 562 2594 literas
593 2529 915 2607 afferebant,
945 2545 1008 2590 ut
1030 2552 1170 2613 opus
1193 2531 1388 2593 aestate
1405 2531 1577 2594 facere
1615 2565 1628 2574 -
