1700 3059
332 219 453 284 294
542 202 670 258 AD
714 191 1318 258 FAMILIARES.

325 313 480 376 scire.
526 311 639 366 Cn.
672 301 960 373 octavius,
989 317 1062 355 an
1095 297 1208 354 Cn.
1235 292 1543 356 Cornelius

324 398 573 484 quidem,
604 408 729 452 tuus
754 383 1064 458 familiaris,
1093 379 1308 442 summo
1339 401 1544 459 genere

326 503 515 562 natus,
536 496 713 540 terrae
725 473 897 552 filius»,
918 473 967 530 is
983 488 1094 544 me,
1116 468 1249 548 quia
1263 465 1366 528 scit
1379 482 1540 528 tuum

320 571 646 638 familiarem
666 561 791 638 effe,
820 561 1018 621 crebro
1041 554 1370 640 ad‚coena.m
1385 556 1540 614 invi·

322 676 425 723 tat.
451 655 628 716 adhuc
640 671 763 712 non
779 648 963 729 potuit
976 641 1308 726 perducerer
1325 637 1418 702 sed
1429 641 1542 704 mia

319 749 380 812 hi
397 764 580 808 tamen
604 753 821 820 gratum
842 731 942 799 est.
983 730 1128 793 vale.

447 939 522 982 Μ.
554 931 815 978 crcssno
854 922 1222 969 TREBATIO
1257 921 1310 963 S.
1344 919 1416 962 n.

411 1008 549 1084 Legi
572 1021 695 1063 tuas
724 1000 932 1069 literas,
961 1013 1034 1054 ex
1055 992 1258 1072 quibus
1280 985 1544 1050 intellexi
1573 1017 1620 1052 ι.
1690 1011 1691 1028 ³

318 1113 377 1162 te
392 1089 609 1156 Caesari
624 1085 811 1148 nostro
827 1075 1446 1158 valdejureconsultum
1461 1075 1545 1138 vi·

323 1184 460 1246 deri.
496 1178 570 1239 est
586 1173 740 1256 quod
756 1170 1012 1250 gaudeas,
1045 1180 1100 1225 te
1115 1167 1176 1224 in
1189 1162 1286 1224 ista
1298 1161 1426 1222 loca
1441 1181 1546 1223 ve-

322 1267 479 1341 niffe,
509 1266 603 1324 ubi
628 1257 834 1339 aliquid
859 1255 1041 1336 sapere
1063 1251 1332 1314 viderere.
1380 1248 1544 1329 quod

321 1359 364 1420 fi
380 1358 438 1415 in
461 1348 805 1412 Britanniam
826 1361 1051 1424 quoque
1073 1339 1356 1422 profeetus
1377 1335 1546 1416 effes,

318 1441 571 1537 prolific
587 1450 755 1496 nemo
774 1433 832 1491 in
858 1429 954 1489 illa
973 1443 1130 1488 tanta
1150 1423 1326 1485 insula
1338 1425 1542 1504 periti-

322 1553 391 1594 or
406 1545 461 1588 te
478 1521 679 1586 suiffet.
722 1531 1089 1580 veruntamen
1112 1511 1442 1586 (rid-eamus,
1467 1511 1540 1570 li-

238 1619 246 1628 ’
323 1634 446 1684 cett
471 1611 585 1674 sum
600 1611 748 1672 enim
764 1627 799 1666 a
813 1621 868 1664 te
884 1604 1186 1678 invitatus)
1209 1595 1542 1660 subinvideo

318 1709 448 1782 tibi,
474 1701 626 1774 ultro
652 1713 706 1757 te
726 1695 893 1754 etiam
923 1689 1220 1750 arcellirum
1245 1687 1314 1745 ab
1342 1705 1438 1761 eo,
1467 1683 1538 1745 ad

321 1813 485 1876 quem
502 1781 725 1858 caeteri,
754 1801 874 1842 non
903 1791 1134 1860 propter
1156 1771 1462 1856 superbiam
1477 1793 1536 1832 e-

312 1882 439 1962 jus,
464 1876 555 1937 sed
570 1886 801 1954 propter
814 1864 1266 1946 occupationem,
1289 1857 1534 1940 adspira-

322 1990 384 2028 re
414 1985 535 2026 non
566 1957 811 2043 possunt.
873 1952 962 2014 sed
999 1967 1060 2012 tu
1092 1954 1152 2010 in
1184 1943 1533 2028 ista-epistola

322 2046 466 2116 nibil
500 2050 636 2112 mihi
660 2038 904 2126 scripsisti
932 2039 1000 2100 de
1023 2039 1134 2098 tuis
1165 2039 1349 2108 rebus»,
1391 2051 1532 2114 quae

323 2133 633 2202 mehercule
654 2133 789 2192 mihi
821 2149 942 2190 non
963 2126 1167 2188 minori
1196 2141 1356 2183 curae
1379 2118 1528 2196 sunt,

323 2247 490 2308 quam
515 2240 683 2283 meae.
730 2216 891 2279 valde
917 2230 1128 2286 metuo,
1151 2231 1223 2271 ne
1245 2209 1445 2286 frigeas
1465 2209 1528 2268 in

306 2313 599 2394 hibernis:
624 2306 983 2386 quamobrem
998 2301 1219 2361 camino
1241 2291 1528 2356 luculento
1559 2323 1568 2330 ·

320 2399 587 2460 utendum
607 2390 823 2453 censeo·
872 2388 1015 2448 idem
1037 2401 1096 2446 et
1115 2385 1309 2446 Mucio
1333 2396 1390 2441 et
1401 2385 1527 2441 Ma-

318 2485 461 2546 uilio
489 2482 753 2562 placebat,
782 2473 1096 2557 praesertim
1127 2474 1223 2551 qui
1244 2467 1384 2546 sagis
1405 2487 1526 2528 non

318 2567 631 2628 abundares
646 2581 963 2647 quanquam
979 2579 1084 2624 vos
1101 2579 1254 2622 nunc
1269 2553 1384 2619 istic
1397 2549 1526 2616 satis
