1700 3059
377 197 706 258 EPIST.
761 213 909 255 ιη.
947 211 1045 255 vx.
1194 208 1317 274 249

81 318 174 361 ve
196 295 556 359 delestationi
586 298 648 355 in
671 300 831 356 rebus
863 294 1101 356 adverfis
1134 295 1325 358 literae

85 383 210 446 esse
231 386 519 445 deberent.
564 403 1061 444 commemorarem
1085 403 1203 444 non
1233 382 1325 444 so·

91 472 228 533 lum
249 487 522 544 veterum,
553 467 642 529 sed
672 473 871 529 horum
898 472 1061 530 etiam
1084 473 1327 532 recenti-

91 579 202 619 um
223 558 318 618 vel
335 559 557 631 ducum,
573 555 664 616 vel
678 559 943 617 comitum
958 573 1179 618 tuorum
1195 577 1323 637 gra·

92 645 352 707 viffimos
391 642 566 706 casus.
623 645 789 702 etiam
815 661 1083 706 externos
1112 646 1323 711 multoe

93 731 292 794 clavos
307 733 464 792 viros
487 732 859 790 nominarem.
891 731 1039 792 levat
1052 735 1201 792 enim
1214 732 1323 793 do-

95 821 284 881 torem
301 819 612 878 communis
629 817 779 896 quafi
799 817 960 896 legiS,
981 835 1037 878 et
1052 822 1323 881 humanae

95 907 452 968 conditionis
479 904 814 964 recordatio.
862 925 1199 986 exponerem
1214 908 1325 967 eti·

98 1011 222 1068 am,
267 990 728 1073 quemadmodum
767 992 879 1066 hic,
918 1008 974 1050 et
1011 1007 1219 1071 quanta
1254 995 1320 1055 in

97 1083 292 1154 turba,
341 1093 658 1159 quantaque
693 1079 754 1137 in
787 1076 1107 1138 confiifione
1138 1098 1321 1141 rerum

99 1168 363 1228 omnium
372 1167 708 1225 viveremus.
737 1163 944 1224 neceffe
957 1164 1029 1224 est
1044 1167 1189 1226 enim
1214 1168 1321 1226 mi-

100 1273 250 1316 nore
268 1251 530 1312 desiderio
559 1249 774 1330 perdita
807 1251 1085 1332 republica
1114 1273 1321 1331 carere,

98 1360 276 1422 quam
306 1340 480 1399 bona.
531 1335 621 1398 sed
655 1341 762 1398 hoc
792 1359 991 1418 genere
1014 1340 1153 1399 nihil
1176 1357 1323 1422 opus
1385 1409 1389 1415 ⁸

99 1425 205 1488 est.
253 1426 587 1488 incolumem
612 1440 666 1484 te
681 1428 820 1500 cito,
835 1443 901 1485 ut
914 1425 1093 1507 spero,
1110 1428 1199 1488 vel
1214 1441 1324 1509 po&

102 1517 244 1589 tius„
267 1529 331 1573 ut
349 1511 642 1594 perspicio,
655 1513 989 1575 videbimuS.
1021 1517 1230 1574 interea
1244 1516 1319 1574 ti·

101 1603 163 1663 bi
181 1599 411 1676 absenti,
432 1616 489 1660 et
510 1602 666 1676 huic,
697 1602 793 1680 qui
815 1600 981 1676 adest,
1006 1604 1234 1682 imagini
1258 1623 1322 1662 a·

103 1689 248 1750 nimi
262 1704 318 1748 et
333 1691 584 1767 corporis
603 1690 707 1762 tui,
719 1687 1141 1749 constantissimo
1155 1705 1325 1768 atque

102 1778 326 1858 optimo
341 1775 459 1835 filio
475 1790 601 1860 ruo,
625 1772 883 1848 studium,
905 1776 1170 1851 officium,
1182 1797 1321 1856 ope·

102 1883 250 1937 ram,
272 1862 516 1923 laborem
541 1863 1061 1943 meumjampridem
1076 1877 1132 1920 et
1152 1862 1319 1943 poni-

100 1952 250 2012 citus
279 1948 416 2025 sum,
440 1965 498 2010 et
513 1948 720 2009 detuli:
747 1971 901 2010 nunc
930 1953 1037 2010 hoc
1062 1951 1319 2031 amplia,

105 2037 260 2117 quod
276 2058 364 2096 me
379 2035 688 2096 amiciffime
703 2038 953 2116 quotidie
980 2041 1151 2114 magis
1179 2045 1319 2102 Cae,-

106 2123 192 2183 sar
217 2123 562 2203 ampleetitur
577 2145 595 2182 t
623 2121 913 2198 familiares
938 2123 1157 2202 quidem
1172 2125 1318 2202 ejus·,

106 2209 262 2270 ficuti
282 2211 577 2270 neminem.
597 2210 740 2290 apud
754 2231 917 2288 quem
934 2210 1201 2289 quidquid
1217 2233 1317 2272 va·

106 2296 233 2358 lebo
249 2296 339 2357 vel
355 2300 703 2372 auftoritate,
719 2297 810 2356 vel
825 2298 1019 2374 gratia,
1034 2297 1229 2357 valebo
1246 2301 1319 2359 ti-

109 2385 187 2444 bi.
235 2399 292 2442 tu
313 2403 463 2456 cura,
483 2401 549 2444 ut
565 2405 688 2443 cum
705 2383 1040 2442 firmitudine
1056 2397 1111 2442 te
1124 2385 1318 2462 animi,

109 2485 224 2535 tum
245 2471 410 2531 etiam
435 2467 532 2552 spe
562 2475 771 2554 optima
787 2471 1067 2532 sustentes.
1112 2471 1254 2532 vale.
