1700 3059
410 129 735 216 EPIST.
790 173 1073 216 1.113.1v.
1203 155 1328 236 ‘153

105 261 260 344 quin
278 259 347 320 ab
369 275 439 320 eo
470 257 583 340 ipse
611 257 942 334 dissentiam,
965 257 1056 319 sed
1086 258 1238 340 quod
1268 275 1336 321 ea

111 363 175 409 te
191 346 457 428 sapientia
472 345 575 405 ess'e
590 344 856 425 judicem,
879 361 942 405 ut
957 367 1140 407 meum
1156 345 1336 408 confi-

105 435 257 496 lium
276 455 395 494 non
412 451 751 514 anteponam
763 449 896 493 tuot
923 447 1108 494 tamen
1123 448 1180 494 et
1195 435 1338 498 ami-'-

110 523 287 583 citiae
301 519 517 580 nostrae
540 519 801 597 vetustas,
830 536 888 580 et
911 531 1006 579 tua
1024 518 1230 582 summa
1245 541 1335 582 er-

102 630 191 688 ga
202 627 297 668 me
306 605 719 682 benevolentia,
746 627 888 689 quae
901 607 1036 668 mihi
1046 605 1166 687 jam
1181 629 1214 667 a
1228 627 1336 690 pu·

112 695 284 755 eritia
312 707 407 776 tua
439 695 666 773 cognita
686 693 783 771 est,
805 715 896 754 me
915 697 1138 755 hortata
1153 693 1248 772 est,
1271 710 1336 757 ut

106 803 190 854 ‘ea
222 779 509 841 scriberem
545 780 615 841 ad
644 797 723 857 te,
760 801 904 860 quae
934 797 990 842 et
1018 781 1178 843 saluti
1207 797 1340 843 tuae

110 867 436 932 'conducere
466 869 779 944 arbitrarer,
802 883 860 928 et
879 889 1000 928 non
1031 867 1207 929 aliena
1230 868 1340 929 essie

106 956 379 1017 ‘ducerem
395 975 428 1013 a
442 954 729 1034 dignitate.
763 974 868 1032 ego
886 975 1010 1014 eum
1029 970 1081 1014 te
1097 955 1224 1032 effe,
1238 957 1344 1034 qui

106 1047 327 1121 laetum
349 1039 621 1101 malorum
650 1043 814 1100 initia
842 1041 1020 1100 multo
1043 1057 1172 1101 ante
1185 1041 1344 1101 vide-

114 1131 230 1205 ris,
254 1124 601 1188 consulatum
630 1125 1152 1206 magnificentiffime
1173 1144 1346 1208 atque

108 1219 340 1299 optime
367 1213 610 1294 gesseriS,
646 1215 922 1296 praeclare
947 1217 1206 1277 memini:
1246 1214 1344 1278 sed

118 1304 277 1365 idem
308 1304 471 1362 etiam
494 1302 586 1362 illa
606 1301 744 1378 vidi,
775 1321 955 1383 neque
971 1318 1026 1362 te
1049 1301 1342 1364 confilium

118 1389 313 1468 civilis
323 1387 449 1448 belli
464 1391 542 1449 ita
556 1387 803 1468 gerendi,
826 1409 1006 1470 neque
1021 1391 1208 1472 copias
1225 1395 1340 1452 Cn.

123 1477 404 1558 Pompeii,
434 1497 536 1538 nec
570 1497 743 1555 genus
774 1479 1049 1538 exereitus
1081 1479 1344 1558 probare,

115 1562 449 1645 semperque
468 1561 677 1624 summe
698 1563 963 1625 diffidere.
1009 1583 1121 1643 qua
1143 1566 1204 1624 in
1219 1561 1344 1638 sen?-

126 1651 313 1711 tentia
328 1671 417 1710 me
429 1670 655 1731 quoque
665 1649 717 1712 fis
728 1649 843 1726 isse,
874 1652 1140 1710 memoria
1155 1665 1346 1710 tenere

126 1754 191 1798 te
205 1739 468 1797 arbitror.
515 1739 701 1816 itaque
722 1735 903 1816 neque
920 1751 980 1796 tu
996 1736 1233 1797 multum
1254 1739 1344 1798 in-

132 1821 369 1884 terfuisti
387 1826 546 1884 rebus
562 1824 815 1902 gerendis
832 1846 848 1882 t
875 1840 930 1884 et
945 1845 1051 1903 ego
1067 1825 1124 1884 id
1139 1822 1350 1906 semper

133 1912 248 1990 egi,
272 1931 346 1970 ne
374 1909 700 1972 interessem.
747 1932 868 1970 non
902 1913 1051 1971 enim
1075 1907 1150 1978 ii's
1181 1914 1348 1986 rebus

122 1999 542 2080 ‘pugnabamus,
565 2000 768 2077 quibus
796 1999 980 2057 valere
1009 2013 1350 2078 poteramus,

52 2083 59 2089 ’
138 2082 400 2157 confili0‚
426 2087 770 2160 auetoritate,
802 2083 986 2160 causa,
1022 2105 1160 2164 quae
1189 2093 1352 2145 eran't

139 2167 203 2232 in
227 2171 394 2230 nobis
424 2169 725 2252 superiora:
758 2169 849 2230 sed
882 2171 1100 2232 lacertis
1128 2189 1186 2232 et
1213 2173 1353 2232 viri-

124 2261 271 2333 bus,
292 2259 494 2336 quibus
518 2277 677 2338 pares
695 2277 815 2318 non
831 2277 1067 2319 eramus.
1113 2260 1245 2318 vieti
1261 2256 1351 2318 su-

134 2363 267 2405 mus
284 2345 484 2421 igitur:
503 2359 621 2418 aut,
638 2341 678 2402 st
690 2347 840 2406 vinci
853 2345 1096 2423 dignitas
1114 2365 1232 2403 non
1249 2363 1356 2423 po-

141 2428 268 2506 test,
290 2429 447 2490 frafti
475 2447 624 2490 certe
644 2446 699 2489 et
722 2433 940 2509 abjecti.
983 2435 1043 2490 in
1068 2450 1183 2509 quo
1199 2445 1359 2490 tuum

121 2512 435 2582 *confilium
450 2537 619 2582 nemo
646 2517 823 2598 potest
844 2537 968 2578 non
989 2517 1228 2578 maxime
1241 2513 1362 2574 lau-

90 2615 101 2629 '
749 2607 811 2664 H
