<?xml version="1.0" encoding="UTF-8"?>
<!DOCTYPE html PUBLIC "-//W3C//DTD XHTML 1.0 Transitional//EN"
    "http://www.w3.org/TR/xhtml1/DTD/xhtml1-transitional.dtd">
<html xmlns="http://www.w3.org/1999/xhtml" xml:lang="en" lang="en">
 <head>
  <title>
</title>
<meta http-equiv="Content-Type" content="text/html;charset=utf-8" />
  <meta name='ocr-system' content='tesseract 3.04.00' />
  <meta name='ocr-capabilities' content='ocr_page ocr_carea ocr_par ocr_line ocrx_word'/>
</head>
<body>
  <div class='ocr_page' id='page_1' title='image "./mtulliiciceroni10unkngoog/mtulliiciceroni10unkngoog_0051.png"; bbox 0 0 1700 3059; ppageno 0'>
   <div class='ocr_carea' id='block_1_1' title="bbox 445 132 1343 208">
    <p class='ocr_par' dir='ltr' id='par_1_1' title="bbox 445 132 1343 208">
     <span class='ocr_line' id='line_1_1' title="bbox 445 132 1343 208; baseline 0.007 -20"><span class='ocrx_word' id='word_1_1' title='bbox 445 132 779 194; x_wconf 65' lang='lat' dir='ltr'>EPIer.</span> <span class='ocrx_word' id='word_1_2' title='bbox 829 147 968 196; x_wconf 72' lang='grc' dir='ltr'>ιη.</span> <span class='ocrx_word' id='word_1_3' title='bbox 1007 149 1059 190; x_wconf 84' lang='grc' dir='ltr'>ι.</span> <span class='ocrx_word' id='word_1_4' title='bbox 1115 148 1141 200; x_wconf 80' lang='grc'>·,</span> <span class='ocrx_word' id='word_1_5' title='bbox 1266 150 1343 208; x_wconf 80' lang='lat'>41</span> 
     </span>
    </p>
   </div>
   <div class='ocr_carea' id='block_1_2' title="bbox 123 227 1351 2638">
    <p class='ocr_par' dir='ltr' id='par_1_2' title="bbox 123 227 1351 2638">
     <span class='ocr_line' id='line_1_2' title="bbox 135 227 1351 305; baseline 0.005 -16"><span class='ocrx_word' id='word_1_6' title='bbox 135 227 280 289; x_wconf 79' lang='lat' dir='ltr'><strong>lutis</strong></span> <span class='ocrx_word' id='word_1_7' title='bbox 309 232 592 290; x_wconf 60' lang='lat' dir='ltr'>auetoribn</span> <span class='ocrx_word' id='word_1_8' title='bbox 599 251 648 305; x_wconf 79' lang='lat' dir='ltr'>s,</span> <span class='ocrx_word' id='word_1_9' title='bbox 681 228 1004 292; x_wconf 74' lang='lat' dir='ltr'>disceffierim</span> <span class='ocrx_word' id='word_1_10' title='bbox 1016 245 1053 303; x_wconf 67' lang='grc' dir='ltr'>ς·</span> <span class='ocrx_word' id='word_1_11' title='bbox 1074 228 1351 295; x_wconf 78' lang='lat' dir='ltr'>neminem</span> 
     </span>
     <span class='ocr_line' id='line_1_3' title="bbox 137 313 1349 392; baseline 0.002 -18"><span class='ocrx_word' id='word_1_12' title='bbox 137 313 270 391; x_wconf 82' lang='lat' dir='ltr'>effe,</span> <span class='ocrx_word' id='word_1_13' title='bbox 292 317 454 392; x_wconf 75' lang='lat' dir='ltr'>cujus</span> <span class='ocrx_word' id='word_1_14' title='bbox 472 317 666 376; x_wconf 80' lang='lat' dir='ltr'><strong>officiis</strong></span> <span class='ocrx_word' id='word_1_15' title='bbox 681 338 772 378; x_wconf 84' lang='lat' dir='ltr'>me</span> <span class='ocrx_word' id='word_1_16' title='bbox 787 332 897 377; x_wconf 90' lang='lat' dir='ltr'>tam</span> <span class='ocrx_word' id='word_1_17' title='bbox 914 315 1018 376; x_wconf 80' lang='lat' dir='ltr'>effe</span> <span class='ocrx_word' id='word_1_18' title='bbox 1032 315 1349 376; x_wconf 66' lang='lat' dir='ltr'>devinstum</span> 
     </span>
     <span class='ocr_line' id='line_1_4' title="bbox 134 400 1345 480; baseline 0.002 -20"><span class='ocrx_word' id='word_1_19' title='bbox 134 422 260 461; x_wconf 84' lang='lat' dir='ltr'>non</span> <span class='ocrx_word' id='word_1_20' title='bbox 275 401 454 461; x_wconf 87' lang='lat' dir='ltr'>solum</span> <span class='ocrx_word' id='word_1_21' title='bbox 468 403 754 479; x_wconf 81' lang='lat' dir='ltr'>confitear,</span> <span class='ocrx_word' id='word_1_22' title='bbox 775 401 864 464; x_wconf 84' lang='lat' dir='ltr'>sed</span> <span class='ocrx_word' id='word_1_23' title='bbox 878 405 1045 464; x_wconf 81' lang='lat' dir='ltr'>etiam</span> <span class='ocrx_word' id='word_1_24' title='bbox 1059 400 1345 480; x_wconf 81' lang='lat' dir='ltr'>gaudeam.</span> 
     </span>
     <span class='ocr_line' id='line_1_5' title="bbox 133 486 1348 568; baseline 0 -20"><span class='ocrx_word' id='word_1_25' title='bbox 133 488 290 568; x_wconf 74' lang='lat' dir='ltr'>quod</span> <span class='ocrx_word' id='word_1_26' title='bbox 324 489 590 567; x_wconf 82' lang='lat' dir='ltr'>quoniam</span> <span class='ocrx_word' id='word_1_27' title='bbox 619 492 720 549; x_wconf 86' lang='lat' dir='ltr'>tibi</span> <span class='ocrx_word' id='word_1_28' title='bbox 748 487 997 568; x_wconf 82' lang='lat' dir='ltr'>exposui,</span> <span class='ocrx_word' id='word_1_29' title='bbox 1019 487 1199 549; x_wconf 77' lang='lat' dir='ltr'>facilia</span> <span class='ocrx_word' id='word_1_30' title='bbox 1220 486 1348 548; x_wconf 87' lang='lat' dir='ltr'>sunt</span> 
     </span>
     <span class='ocr_line' id='line_1_6' title="bbox 132 572 1345 653; baseline 0.002 -19"><span class='ocrx_word' id='word_1_31' title='bbox 132 594 222 649; x_wconf 83' lang='lat' dir='ltr'>ea,</span> <span class='ocrx_word' id='word_1_32' title='bbox 237 593 384 653; x_wconf 84' lang='lat' dir='ltr'>quae</span> <span class='ocrx_word' id='word_1_33' title='bbox 396 594 431 633; x_wconf 86' lang='lat' dir='ltr'>a</span> <span class='ocrx_word' id='word_1_34' title='bbox 443 594 532 634; x_wconf 86' lang='lat' dir='ltr'>me</span> <span class='ocrx_word' id='word_1_35' title='bbox 546 574 618 636; x_wconf 89' lang='lat' dir='ltr'>de</span> <span class='ocrx_word' id='word_1_36' title='bbox 631 577 893 651; x_wconf 74' lang='lat' dir='ltr'>Vatinia,</span> <span class='ocrx_word' id='word_1_37' title='bbox 908 591 965 634; x_wconf 86' lang='lat' dir='ltr'>et</span> <span class='ocrx_word' id='word_1_38' title='bbox 978 575 1046 634; x_wconf 93' lang='lat' dir='ltr'>de</span> <span class='ocrx_word' id='word_1_39' title='bbox 1060 572 1247 637; x_wconf 79' lang='lat' dir='ltr'>Cmffo</span> <span class='ocrx_word' id='word_1_40' title='bbox 1264 595 1345 648; x_wconf 78' lang='lat' dir='ltr'>re·</span> 
     </span>
     <span class='ocr_line' id='line_1_7' title="bbox 129 659 1343 744; baseline 0.005 -26"><span class='ocrx_word' id='word_1_41' title='bbox 129 663 336 740; x_wconf 86' lang='lat' dir='ltr'>quiris.</span> <span class='ocrx_word' id='word_1_42' title='bbox 385 681 516 720; x_wconf 86' lang='lat' dir='ltr'>nam</span> <span class='ocrx_word' id='word_1_43' title='bbox 531 660 600 720; x_wconf 93' lang='lat' dir='ltr'>de</span> <span class='ocrx_word' id='word_1_44' title='bbox 615 663 799 744; x_wconf 86' lang='lat' dir='ltr'>Appio</span> <span class='ocrx_word' id='word_1_45' title='bbox 813 660 967 743; x_wconf 84' lang='lat' dir='ltr'>qnod</span> <span class='ocrx_word' id='word_1_46' title='bbox 976 659 1185 737; x_wconf 69' lang='lat' dir='ltr'>scribis,</span> <span class='ocrx_word' id='word_1_47' title='bbox 1206 659 1343 724; x_wconf 80' lang='lat' dir='ltr'><strong>ficu·</strong></span> 
     </span>
     <span class='ocr_line' id='line_1_8' title="bbox 131 745 1344 828; baseline 0.002 -22"><span class='ocrx_word' id='word_1_48' title='bbox 131 748 178 806; x_wconf 82' lang='lat' dir='ltr'>ti</span> <span class='ocrx_word' id='word_1_49' title='bbox 191 747 262 806; x_wconf 88' lang='lat' dir='ltr'>de</span> <span class='ocrx_word' id='word_1_50' title='bbox 279 745 532 824; x_wconf 84' lang='lat' dir='ltr'>Caesare,</span> <span class='ocrx_word' id='word_1_51' title='bbox 553 763 606 808; x_wconf 89' lang='lat' dir='ltr'>te</span> <span class='ocrx_word' id='word_1_52' title='bbox 621 769 742 808; x_wconf 87' lang='lat' dir='ltr'>non</span> <span class='ocrx_word' id='word_1_53' title='bbox 755 747 1151 828; x_wconf 70' lang='lat' dir='ltr'>reprehendere</span> <span class='ocrx_word' id='word_1_54' title='bbox 1168 770 1187 808; x_wconf 69' lang='lat' dir='ltr'>a</span> <span class='ocrx_word' id='word_1_55' title='bbox 1206 769 1344 826; x_wconf 81' lang='lat' dir='ltr'>gau·</span> 
     </span>
     <span class='ocr_line' id='line_1_9' title="bbox 129 831 1342 915; baseline 0 -22"><span class='ocrx_word' id='word_1_56' title='bbox 129 832 241 894; x_wconf 87' lang='lat' dir='ltr'>deo</span> <span class='ocrx_word' id='word_1_57' title='bbox 253 831 548 894; x_wconf 84' lang='lat' dir='ltr'><strong>confilium</strong></span> <span class='ocrx_word' id='word_1_58' title='bbox 567 836 668 894; x_wconf 86' lang='lat' dir='ltr'>tibi</span> <span class='ocrx_word' id='word_1_59' title='bbox 682 835 907 915; x_wconf 81' lang='lat' dir='ltr'>probari</span> <span class='ocrx_word' id='word_1_60' title='bbox 920 855 1123 896; x_wconf 83' lang='lat' dir='ltr'>meum.</span> <span class='ocrx_word' id='word_1_61' title='bbox 1138 833 1209 894; x_wconf 86' lang='lat' dir='ltr'>de</span> <span class='ocrx_word' id='word_1_62' title='bbox 1225 841 1342 908; x_wconf 71' lang='lat' dir='ltr'>Va·</span> 
     </span>
     <span class='ocr_line' id='line_1_10' title="bbox 129 919 1343 1000; baseline 0.002 -22"><span class='ocrx_word' id='word_1_63' title='bbox 129 921 276 979; x_wconf 88' lang='lat' dir='ltr'><strong>tinio</strong></span> <span class='ocrx_word' id='word_1_64' title='bbox 292 935 501 995; x_wconf 85' lang='lat' dir='ltr'>autem,</span> <span class='ocrx_word' id='word_1_65' title='bbox 509 923 748 1000; x_wconf 86' lang='lat' dir='ltr'>primum</span> <span class='ocrx_word' id='word_1_66' title='bbox 757 921 963 980; x_wconf 80' lang='lat' dir='ltr'>reditus</span> <span class='ocrx_word' id='word_1_67' title='bbox 976 919 1343 982; x_wconf 66' lang='lat' dir='ltr'>intercesserat</span> 
     </span>
     <span class='ocr_line' id='line_1_11' title="bbox 127 1005 1342 1086; baseline 0.003 -22"><span class='ocrx_word' id='word_1_68' title='bbox 127 1006 190 1064; x_wconf 85' lang='lat' dir='ltr'>in</span> <span class='ocrx_word' id='word_1_69' title='bbox 213 1007 452 1084; x_wconf 83' lang='lat' dir='ltr'><strong>gratiam</strong></span> <span class='ocrx_word' id='word_1_70' title='bbox 481 1025 579 1085; x_wconf 87' lang='lat' dir='ltr'>per</span> <span class='ocrx_word' id='word_1_71' title='bbox 601 1006 945 1086; x_wconf 84' lang='lat' dir='ltr'>Pompeium,</span> <span class='ocrx_word' id='word_1_72' title='bbox 966 1005 1141 1068; x_wconf 79' lang='lat' dir='ltr'>statim</span> <span class='ocrx_word' id='word_1_73' title='bbox 1166 1023 1229 1067; x_wconf 84' lang='lat' dir='ltr'>ut</span> <span class='ocrx_word' id='word_1_74' title='bbox 1245 1007 1342 1068; x_wconf 85' lang='lat' dir='ltr'>ille</span> 
     </span>
     <span class='ocr_line' id='line_1_12' title="bbox 126 1090 1343 1173; baseline 0.002 -22"><span class='ocrx_word' id='word_1_75' title='bbox 126 1108 360 1172; x_wconf 85' lang='lat' dir='ltr'>praetor</span> <span class='ocrx_word' id='word_1_76' title='bbox 372 1090 450 1152; x_wconf 86' lang='lat' dir='ltr'>est</span> <span class='ocrx_word' id='word_1_77' title='bbox 463 1090 670 1165; x_wconf 41' lang='lat' dir='ltr'>faetus&amp;</span> <span class='ocrx_word' id='word_1_78' title='bbox 694 1113 820 1152; x_wconf 84' lang='lat' dir='ltr'>cum</span> <span class='ocrx_word' id='word_1_79' title='bbox 841 1091 1065 1173; x_wconf 87' lang='lat' dir='ltr'>quidem</span> <span class='ocrx_word' id='word_1_80' title='bbox 1094 1113 1199 1170; x_wconf 82' lang='lat' dir='ltr'>ego</span> <span class='ocrx_word' id='word_1_81' title='bbox 1220 1093 1267 1172; x_wconf 89' lang='lat' dir='ltr'>ej</span> <span class='ocrx_word' id='word_1_82' title='bbox 1276 1113 1343 1154; x_wconf 70' lang='lat' dir='ltr'>us</span> 
     </span>
     <span class='ocr_line' id='line_1_13' title="bbox 127 1176 1345 1258; baseline 0.001 -21"><span class='ocrx_word' id='word_1_83' title='bbox 127 1179 465 1258; x_wconf 85' lang='lat' dir='ltr'>petitionem</span> <span class='ocrx_word' id='word_1_84' title='bbox 487 1179 805 1256; x_wconf 72' lang='lat' dir='ltr'>gravissimis</span> <span class='ocrx_word' id='word_1_85' title='bbox 826 1180 890 1238; x_wconf 87' lang='lat' dir='ltr'>in</span> <span class='ocrx_word' id='word_1_86' title='bbox 914 1176 1106 1239; x_wconf 83' lang='lat' dir='ltr'>senatu</span> <span class='ocrx_word' id='word_1_87' title='bbox 1121 1177 1345 1248; x_wconf 60' lang='lat' dir='ltr'>sentenu,</span> 
     </span>
     <span class='ocr_line' id='line_1_14' title="bbox 126 1264 1339 1345; baseline 0 -21"><span class='ocrx_word' id='word_1_88' title='bbox 126 1266 223 1324; x_wconf 86' lang='lat' dir='ltr'>tiis</span> <span class='ocrx_word' id='word_1_89' title='bbox 255 1264 673 1345; x_wconf 70' lang='lat' dir='ltr'>oppugnassem,</span> <span class='ocrx_word' id='word_1_90' title='bbox 696 1286 877 1344; x_wconf 85' lang='lat' dir='ltr'>neque</span> <span class='ocrx_word' id='word_1_91' title='bbox 906 1280 1018 1326; x_wconf 86' lang='lat' dir='ltr'>tam</span> <span class='ocrx_word' id='word_1_92' title='bbox 1048 1265 1199 1326; x_wconf 76' lang='lat' dir='ltr'>illius</span> <span class='ocrx_word' id='word_1_93' title='bbox 1226 1266 1339 1326; x_wconf 87' lang='lat' dir='ltr'>lae-</span> 
     </span>
     <span class='ocr_line' id='line_1_15' title="bbox 123 1347 1343 1432; baseline 0.002 -22"><span class='ocrx_word' id='word_1_94' title='bbox 123 1349 296 1410; x_wconf 88' lang='lat' dir='ltr'>dendi</span> <span class='ocrx_word' id='word_1_95' title='bbox 313 1347 494 1426; x_wconf 83' lang='lat' dir='ltr'>causa,</span> <span class='ocrx_word' id='word_1_96' title='bbox 519 1371 683 1430; x_wconf 80' lang='lat' dir='ltr'>quam</span> <span class='ocrx_word' id='word_1_97' title='bbox 698 1351 1049 1428; x_wconf 84' lang='lat' dir='ltr'>defendendi,</span> <span class='ocrx_word' id='word_1_98' title='bbox 1064 1367 1229 1432; x_wconf 78' lang='lat' dir='ltr'>atque</span> <span class='ocrx_word' id='word_1_99' title='bbox 1242 1373 1343 1413; x_wconf 82' lang='lat' dir='ltr'>or·-</span> 
     </span>
     <span class='ocr_line' id='line_1_16' title="bbox 125 1435 1339 1518; baseline 0.003 -22"><span class='ocrx_word' id='word_1_100' title='bbox 125 1436 306 1498; x_wconf 87' lang='lat' dir='ltr'>nandi</span> <span class='ocrx_word' id='word_1_101' title='bbox 337 1439 594 1497; x_wconf 76' lang='lat' dir='ltr'>Catonis.</span> <span class='ocrx_word' id='word_1_102' title='bbox 639 1435 760 1518; x_wconf 84' lang='lat' dir='ltr'>post</span> <span class='ocrx_word' id='word_1_103' title='bbox 773 1454 953 1498; x_wconf 85' lang='lat' dir='ltr'>autem</span> <span class='ocrx_word' id='word_1_104' title='bbox 968 1448 971 1451; x_wconf 83' lang='lat'>&#39;</span> <span class='ocrx_word' id='word_1_105' title='bbox 984 1438 1252 1516; x_wconf 80' lang='lat' dir='ltr'>Caesaris,</span> <span class='ocrx_word' id='word_1_106' title='bbox 1274 1454 1339 1500; x_wconf 81' lang='lat' dir='ltr'>ut</span> 
     </span>
     <span class='ocr_line' id='line_1_17' title="bbox 125 1522 1343 1600; baseline 0.003 -18"><span class='ocrx_word' id='word_1_107' title='bbox 125 1523 284 1584; x_wconf 85' lang='lat' dir='ltr'>illum</span> <span class='ocrx_word' id='word_1_108' title='bbox 295 1522 810 1600; x_wconf 86' lang='lat' dir='ltr'>defenderem,mira</span> <span class='ocrx_word' id='word_1_109' title='bbox 821 1524 1343 1586; x_wconf 83' lang='lat' dir='ltr'>contentioestcon-</span> 
     </span>
     <span class='ocr_line' id='line_1_18' title="bbox 124 1607 1341 1692; baseline 0.003 -24"><span class='ocrx_word' id='word_1_110' title='bbox 124 1607 336 1670; x_wconf 85' lang='lat' dir='ltr'>secuta.</span> <span class='ocrx_word' id='word_1_111' title='bbox 385 1629 483 1668; x_wconf 87' lang='lat' dir='ltr'>cur</span> <span class='ocrx_word' id='word_1_112' title='bbox 510 1625 694 1670; x_wconf 86' lang='lat' dir='ltr'>autem</span> <span class='ocrx_word' id='word_1_113' title='bbox 725 1609 1009 1687; x_wconf 84' lang='lat' dir='ltr'>laudarim,</span> <span class='ocrx_word' id='word_1_114' title='bbox 1032 1626 1163 1692; x_wconf 88' lang='lat' dir='ltr'>peto</span> <span class='ocrx_word' id='word_1_115' title='bbox 1192 1632 1227 1670; x_wconf 87' lang='lat' dir='ltr'>a</span> <span class='ocrx_word' id='word_1_116' title='bbox 1258 1627 1341 1688; x_wconf 74' lang='lat' dir='ltr'>te,</span> 
     </span>
     <span class='ocr_line' id='line_1_19' title="bbox 124 1695 1339 1771; baseline 0.002 -16"><span class='ocrx_word' id='word_1_117' title='bbox 124 1711 192 1755; x_wconf 81' lang='lat' dir='ltr'>ut</span> <span class='ocrx_word' id='word_1_118' title='bbox 209 1695 265 1754; x_wconf 90' lang='lat' dir='ltr'>id</span> <span class='ocrx_word' id='word_1_119' title='bbox 291 1716 324 1754; x_wconf 89' lang='lat' dir='ltr'>a</span> <span class='ocrx_word' id='word_1_120' title='bbox 345 1714 434 1754; x_wconf 90' lang='lat' dir='ltr'>me</span> <span class='ocrx_word' id='word_1_121' title='bbox 455 1716 595 1755; x_wconf 88' lang='lat' dir='ltr'>neve</span> <span class='ocrx_word' id='word_1_122' title='bbox 613 1698 676 1754; x_wconf 87' lang='lat' dir='ltr'>in</span> <span class='ocrx_word' id='word_1_123' title='bbox 697 1697 806 1756; x_wconf 87' lang='lat' dir='ltr'>hoc</span> <span class='ocrx_word' id='word_1_124' title='bbox 821 1716 939 1771; x_wconf 88' lang='lat' dir='ltr'>reo,</span> <span class='ocrx_word' id='word_1_125' title='bbox 970 1716 1113 1757; x_wconf 85' lang='lat' dir='ltr'>neve</span> <span class='ocrx_word' id='word_1_126' title='bbox 1136 1698 1197 1754; x_wconf 88' lang='lat' dir='ltr'>in</span> <span class='ocrx_word' id='word_1_127' title='bbox 1215 1697 1339 1758; x_wconf 78' lang='lat' dir='ltr'>aliis</span> 
     </span>
     <span class='ocr_line' id='line_1_20' title="bbox 125 1775 1340 1864; baseline 0.003 -22"><span class='ocrx_word' id='word_1_128' title='bbox 125 1783 380 1862; x_wconf 81' lang='lat' dir='ltr'>requiras</span> <span class='ocrx_word' id='word_1_129' title='bbox 393 1803 413 1855; x_wconf 71' lang='grc' dir='ltr'>ς</span> <span class='ocrx_word' id='word_1_130' title='bbox 439 1803 510 1841; x_wconf 88' lang='lat' dir='ltr'>ne</span> <span class='ocrx_word' id='word_1_131' title='bbox 525 1784 627 1864; x_wconf 71' lang='lat' dir='ltr'><strong>tibi</strong></span> <span class='ocrx_word' id='word_1_132' title='bbox 642 1802 746 1860; x_wconf 85' lang='lat' dir='ltr'>ego</span> <span class='ocrx_word' id='word_1_133' title='bbox 759 1780 907 1841; x_wconf 88' lang='lat' dir='ltr'>idem</span> <span class='ocrx_word' id='word_1_134' title='bbox 920 1801 1013 1861; x_wconf 88' lang='lat' dir='ltr'>rep</span> <span class='ocrx_word' id='word_1_135' title='bbox 1018 1801 1185 1842; x_wconf 83' lang='lat' dir='ltr'>onam</span> <span class='ocrx_word' id='word_1_136' title='bbox 1189 1775 1340 1859; x_wconf 74' lang='lat' dir='ltr'>,clim</span> 
     </span>
     <span class='ocr_line' id='line_1_21' title="bbox 123 1866 1342 1949; baseline 0.002 -21"><span class='ocrx_word' id='word_1_137' title='bbox 123 1867 584 1929; x_wconf 75' lang='lat' dir='ltr'>venerisztametfi</span> <span class='ocrx_word' id='word_1_138' title='bbox 601 1866 809 1949; x_wconf 75' lang='lat' dir='ltr'>poss‘um</span> <span class='ocrx_word' id='word_1_139' title='bbox 819 1868 909 1928; x_wconf 86' lang='lat' dir='ltr'>vel</span> <span class='ocrx_word' id='word_1_140' title='bbox 924 1867 1342 1942; x_wconf 69' lang='lat' dir='ltr'>absentisecor-</span> 
     </span>
     <span class='ocr_line' id='line_1_22' title="bbox 125 1953 1339 2034; baseline 0.003 -19"><span class='ocrx_word' id='word_1_141' title='bbox 125 1954 260 2015; x_wconf 79' lang='lat' dir='ltr'>dare</span> <span class='ocrx_word' id='word_1_142' title='bbox 273 1956 645 2034; x_wconf 86' lang='lat' dir='ltr'>enim,quibus</span> <span class='ocrx_word' id='word_1_143' title='bbox 658 1953 1029 2014; x_wconf 82' lang='lat' dir='ltr'>laudationem</span> <span class='ocrx_word' id='word_1_144' title='bbox 1044 1976 1116 2015; x_wconf 83' lang='lat' dir='ltr'>ex</span> <span class='ocrx_word' id='word_1_145' title='bbox 1128 1955 1339 2020; x_wconf 76' lang='lat' dir='ltr'><strong>ultimis</strong></span> 
     </span>
     <span class='ocr_line' id='line_1_23' title="bbox 125 2039 1341 2121; baseline 0.002 -19"><span class='ocrx_word' id='word_1_146' title='bbox 125 2043 296 2102; x_wconf 80' lang='lat' dir='ltr'>terris</span> <span class='ocrx_word' id='word_1_147' title='bbox 311 2039 648 2116; x_wconf 68' lang='lat' dir='ltr'>miserismec</span> <span class='ocrx_word' id='word_1_148' title='bbox 661 2044 770 2100; x_wconf 87' lang='lat' dir='ltr'>hoc</span> <span class='ocrx_word' id='word_1_149' title='bbox 783 2043 1291 2121; x_wconf 74' lang='lat' dir='ltr'>pertimuerisznam</span> <span class='ocrx_word' id='word_1_150' title='bbox 1304 2063 1341 2104; x_wconf 86' lang='lat' dir='ltr'>a</span> 
     </span>
     <span class='ocr_line' id='line_1_24' title="bbox 126 2125 1335 2207; baseline 0.002 -17"><span class='ocrx_word' id='word_1_151' title='bbox 126 2148 220 2190; x_wconf 85' lang='lat' dir='ltr'>me</span> <span class='ocrx_word' id='word_1_152' title='bbox 233 2125 354 2207; x_wconf 88' lang='lat' dir='ltr'>ipso</span> <span class='ocrx_word' id='word_1_153' title='bbox 369 2125 685 2202; x_wconf 62' lang='lat' dir='ltr'>laudantur,</span> <span class='ocrx_word' id='word_1_154' title='bbox 699 2143 756 2186; x_wconf 90' lang='lat' dir='ltr'>et</span> <span class='ocrx_word' id='word_1_155' title='bbox 769 2127 1135 2188; x_wconf 85' lang='lat' dir='ltr'>laudabuntur</span> <span class='ocrx_word' id='word_1_156' title='bbox 1146 2128 1335 2192; x_wconf 81' lang='lat' dir='ltr'>iidem.</span> 
     </span>
     <span class='ocr_line' id='line_1_25' title="bbox 127 2211 1339 2276; baseline 0.001 -1"><span class='ocrx_word' id='word_1_157' title='bbox 127 2211 222 2275; x_wconf 88' lang='lat' dir='ltr'>sed</span> <span class='ocrx_word' id='word_1_158' title='bbox 237 2229 424 2272; x_wconf 80' lang='lat' dir='ltr'>tamen</span> <span class='ocrx_word' id='word_1_159' title='bbox 449 2211 779 2274; x_wconf 88' lang='lat' dir='ltr'>defendendi</span> <span class='ocrx_word' id='word_1_160' title='bbox 794 2215 1013 2273; x_wconf 80' lang='lat' dir='ltr'><strong>Vatinii</strong></span> <span class='ocrx_word' id='word_1_161' title='bbox 1040 2213 1151 2273; x_wconf 87' lang='lat' dir='ltr'>fuit</span> <span class='ocrx_word' id='word_1_162' title='bbox 1169 2217 1339 2276; x_wconf 83' lang='lat' dir='ltr'>etiam</span> 
     </span>
     <span class='ocr_line' id='line_1_26' title="bbox 127 2297 1337 2380; baseline -0.001 -20"><span class='ocrx_word' id='word_1_163' title='bbox 127 2299 222 2360; x_wconf 89' lang='lat' dir='ltr'>ille</span> <span class='ocrx_word' id='word_1_164' title='bbox 235 2297 500 2377; x_wconf 81' lang='lat' dir='ltr'>stimulus,</span> <span class='ocrx_word' id='word_1_165' title='bbox 523 2297 589 2360; x_wconf 88' lang='lat' dir='ltr'>de</span> <span class='ocrx_word' id='word_1_166' title='bbox 604 2319 718 2380; x_wconf 88' lang='lat' dir='ltr'>quo</span> <span class='ocrx_word' id='word_1_167' title='bbox 734 2299 1165 2378; x_wconf 85' lang='lat' dir='ltr'>injudici0,cum</span> <span class='ocrx_word' id='word_1_168' title='bbox 1179 2299 1337 2359; x_wconf 87' lang='lat' dir='ltr'>illum</span> 
     </span>
     <span class='ocr_line' id='line_1_27' title="bbox 127 2385 1335 2464; baseline -0.005 -16"><span class='ocrx_word' id='word_1_169' title='bbox 127 2385 506 2463; x_wconf 83' lang='lat' dir='ltr'>defenderem,</span> <span class='ocrx_word' id='word_1_170' title='bbox 556 2385 676 2446; x_wconf 82' lang='lat' dir='ltr'>dixi</span> <span class='ocrx_word' id='word_1_171' title='bbox 711 2405 800 2446; x_wconf 87' lang='lat' dir='ltr'>me</span> <span class='ocrx_word' id='word_1_172' title='bbox 835 2385 1013 2445; x_wconf 87' lang='lat' dir='ltr'>facere</span> <span class='ocrx_word' id='word_1_173' title='bbox 1052 2385 1335 2464; x_wconf 87' lang='lat' dir='ltr'>quiddam,</span> 
     </span>
     <span class='ocr_line' id='line_1_28' title="bbox 129 2469 1339 2555; baseline 0 -23"><span class='ocrx_word' id='word_1_174' title='bbox 129 2472 290 2552; x_wconf 81' lang='lat' dir='ltr'>quod</span> <span class='ocrx_word' id='word_1_175' title='bbox 303 2473 365 2538; x_wconf 81' lang='lat' dir='ltr'>in</span> <span class='ocrx_word' id='word_1_176' title='bbox 379 2475 652 2537; x_wconf 85' lang='lat' dir='ltr'>Eunucho</span> <span class='ocrx_word' id='word_1_177' title='bbox 673 2469 937 2554; x_wconf 76' lang='lat' dir='ltr'>parafitus</span> <span class='ocrx_word' id='word_1_178' title='bbox 965 2470 1212 2536; x_wconf 82' lang='lat' dir='ltr'>suaderet</span> <span class='ocrx_word' id='word_1_179' title='bbox 1229 2471 1339 2555; x_wconf 62' lang='lat' dir='ltr'>mie,⁴</span> 
     </span>
     <span class='ocr_line' id='line_1_29' title="bbox 134 2559 812 2638; baseline -0.003 -14"><span class='ocrx_word' id='word_1_180' title='bbox 134 2559 224 2624; x_wconf 79' lang='lat' dir='ltr'>liti</span> <span class='ocrx_word' id='word_1_181' title='bbox 235 2581 258 2625; x_wconf 73' lang='grc' dir='ltr'><strong>ε</strong></span> <span class='ocrx_word' id='word_1_182' title='bbox 683 2564 734 2622; x_wconf 87' lang='lat' dir='ltr'>C</span> <span class='ocrx_word' id='word_1_183' title='bbox 779 2576 812 2638; x_wconf 85' lang='grc' dir='ltr'><strong><em>ς</em></strong></span> 
     </span>
    </p>
   </div>
  </div>
 </body>
</html>
