1700 3059
418 161 540 240 348
630 163 755 225 AD
796 161 1417 222 FAMILIARES

406 255 809 322 confidentiam
836 256 1140 316 attulerunt
1179 259 1554 335 hominibus,
1577 273 1630 318 ut

406 345 635 421 diceret,
666 343 719 404 se
732 359 866 403 ante
887 342 1000 402 kal.
1025 349 1200 403 Mart.
1241 365 1374 404 non
1391 345 1562 426 poffe
1577 345 1632 404 fi·

404 451 486 492 ne
508 432 714 508 injuria
742 429 811 488 de
840 430 1146 509 provinciis
1172 429 1440 490 Caesaris
1477 431 1632 492 statu·

402 537 503 579 ere
520 515 675 596 3post
688 515 800 576 kal.
823 522 991 576 Mart.
1011 514 1064 574 se
1078 536 1202 574 non
1216 515 1630 578 dubitaturum.
1665 549 1667 566 =

405 624 534 666 cum
548 605 998 681 interrogaretur,
1013 598 1054 661 fi
1063 603 1307 681 quitum
1323 605 1631 665 intercede·
1666 639 1667 664 ;

410 683 567 750 rente
610 691 774 764 dixit,
804 692 914 751 hoc
952 688 1094 748 nihil
1125 689 1416 767 interesse,
1451 707 1634 752 utrum

408 781 483 837 C.
510 774 707 836 Caesar
729 773 936 834 senatui
957 775 1106 834 dieto
1119 775 1368 836 audiens
1409 778 1630 838 futurus

406 881 531 924 non
546 861 700 937 effet,
729 883 801 921 an
812 869 1040 941 'pararet
1052 862 1151 940 qui
1163 858 1632 926 senatum'decer·

406 968 543 1010 nere
564 967 686 1008 non
716 941 1016 1028 pateretnr.
1064 946 1200 1026 quid
1223 945 1288 1022 fi,
1319 951 1528 1029 inquit
1541 952 1628 1010 ali-

406 1055 500 1111 11⁸,
527 1048 589 1094 et
616 1032 813 1094 consul
844 1031 970 1111 effi,
997 1047 1056 1092 et
1084 1035 1396 1094 exercitum
1429 1039 1630 1097 habere

406 1120 606 1184 volet?
638 1135 698 1179 at
724 1117 840 1195 ille,
863 1139 1036 1199 qnam
1053 1115 1386 1180 clemente&
1428 1124 1574 1202 quid
1593 1121 1627 1182 fi

405 1207 555 1270 filius
568 1205 922 1268 mensfnst‘em
944 1207 1080 1266 mihi
1092 1206 1404 1286 impingere
1425 1209 1590 1268 volet
1603 1209 1624 1268 ἓ

396 1296 498 1357 -his
533 1295 762 1355 vocibus
774 1337 796 1369 ,
840 1308 906 1352 nt
947 1291 1324 1352 existimarent
1359 1296 1622 1355 homines

406 1382 675 1462 Pompeio
690 1401 817 1442 cnm
833 1377 1060 1438 Caesare
1073 1377 1176 1439 effe
1196 1381 1520 1456 negotium,
1545 1380 1622 1441 efi-

406 1465 898 1546 fecit.itaquejam,
913 1481 978 1526 ut
992 1464 1180 1540 video,
1197 1464 1618 1528 alteramntram

394 1553 479 1616 ad
501 1552 878 1615 conditionem
905 1550 1226 1611 descendere
1245 1551 1373 1613 vult
1397 1552 1618 1631 Caesar,

408 1656 473 1700 nt
494 1656 591 1702 aut
610 1654 854 1716 maneat,
877 1659 1056 1719 neque
1071 1640 1178 1698 hoc
1191 1657 1350 1697 anno
1365 1637 1448 1697 sni
1469 1643 1618 1699 ratio

406 1729 702 1788 habeaturz
734 1741 853 1801 aut,
875 1723 914 1786 fi
928 1723 1192 1802 defignari
1205 1726 1442 1804 poterit,
1453 1724 1610 1786 dece-

400 1811 527 1873 dat.
574 1815 749 1872 Curio
772 1810 825 1870 se
855 1827 1054 1873 contra
1078 1830 1204 1870 eum
1225 1825 1410 1870 totum
1425 1827 1604 1890 parat.

406 1898 544 1980 quid
566 1897 769 1978 affequi
788 1897 970 1979 possit,
1000 1894 1200 1956 nescio·
1257 1895 1398 1955 illud
1417 1896 1604 1971 video,

407 1988 550 2046 bene
572 1983 921 2059 sentientem,
948 1981 1044 2042 etsi
1075 1980 1214 2041 nihil
1235 1980 1501 2058 effecerit,
1515 2003 1600 2042 ca-

400 2071 536 2132 dere
557 2092 675 2131 non
693 2069 955 2151 poss‘e.me
971 2071 1166 2128 tradiat
1177 2067 1478 2128 liberaliter
1491 2075 1596 2127 Cu·

406 2159 517 2235 rio,
545 2172 603 2217 et
616 2159 751 2216 mihi
768 2155 866 2218 suo
881 2173 1109 2216 munere
1123 2155 1408 2229 negotium
1425 2155 1596 2234 impo-

404 2244 535 2305 suit.
579 2263 709 2302 nam
722 2239 763 2300 fi
784 2244 923 2302 mihi
937 2259 1056 2302 non
1076 2235 1303 2299 dediffet
1321 2261 1436 2314 eas,
1465 2259 1598 2319 quae

404 2329 477 2392 ad
489 2329 651 2390 ludos
666 2330 717 2386 ei
730 2328 986 2388 adveftae
999 2341 1160 2386 erant
1171 2323 1490 2406 Africanae,
1498 2345 1593 2407 po·

402 2418 511 2474 tuit
526 2412 875 2494 supersederi·
919 2431 1092 2490 nunc,
1119 2410 1345 2491 quando
1359 2411 1490 2472 dare
1503 2432 1594 2474 ne·

388 2497 535 2560 ‚celle
562 2497 660 2576 est,
688 2498 860 2580 velim
889 2500 991 2561 tibi
1019 2517 1180 2560 curae
1201 2495 1292 2578 fit,
1320 2497 1526 2584 quoda
1539 2513 1594 2558 ω
