1700 3059
352 167 475 212 112
562 151 693 210 AD
739 151 1336 218 FAMILIARES

343 259 567 308 tuorum
583 247 723 308 laedi
742 245 795 308 se
810 263 970 328 putat
985 253 1162 324 {cum
1177 263 1418 330 uterque
1433 242 1580 312 nos-

342 336 493 394 trstm
509 341 651 396 recle
671 334 886 411 fecerit,
917 335 1005 395 sed
1028 356 1147 397 non
1165 336 1309 396 idem
1324 353 1581 418 uterque

340 419 557 482 secutus
576 420 669 496 fit3
686 425 833 482 hunc
847 444 952 502 ego
968 424 1204 484 amicum
1217 425 1422 482 habere
1438 444 1578 484 non

340 529 500 568 curo.
547 508 840 570 liberalitas
872 509 992 584 tua',
1023 528 1086 568 ut
1114 510 1358 570 hominis
1389 513 1575 570 nobi·

339 593 541 672 lissimi,
570 595 735 655 latius
752 597 811 654 in
828 598 1118 676 provincia
1132 599 1342 675 patuit:
1367 597 1576 656 nostra

338 679 381 742 fi
394 679 697 760 angustior,
718 697 775 742 et
791 680 829 742 fi
844 681 915 742 de
928 698 1025 742 tua
1045 683 1265 762 prolixa
1277 682 1572 743 benefica·

338 787 449 847 que
464 785 664 830 natura
684 769 902 830 fimavit
923 767 1132 849 aliquid
1167 769 1438 849 posterior
1453 791 1568 830 an-

337 875 473 931 nus,
493 871 720 936 propter
742 856 1021 937 quandam
1039 853 1308 916 tristitiam
1329 871 1566 938 tempo-

336 961 499 1016 rum3
531 963 651 1002 non
676 943 880 1004 debent
901 944 1088 1003 mirari
1113 945 1394 1018 homineS,
1427 963 1568 1005 cum

337 1045 396 1088 et
410 1045 607 1089 natura
629 1026 837 1111 semper
863 1030 932 1089 ad
947 1029 1290 1108 largiendum
1312 1049 1390 1089 ex
1419 1030 1568 1091 alie-

337 1136 419 1180 no
434 1116 631 1176 fuerim
646 1115 962 1192 restrictior,
984 1132 1040 1176 et
1055 1117 1356 1196 temporibu
1365 1113 1568 1196 s,qui-

336 1203 441 1262 bus
472 1201 566 1262 alii
596 1219 921 1278 moventur,
941 1201 1130 1264 iisdem
1161 1224 1265 1280 ego
1293 1223 1564 1279 movear,

335 1309 425 1350 me
438 1286 542 1348 effe
559 1291 824 1350 acerbum
855 1289 975 1366 fibi,
997 1305 1062 1350 ut
1082 1288 1178 1350 fim
1194 1289 1361 1350 dulcis
1380 1291 1558 1352 mihi.

337 1375 409 1439 de
424 1377 585 1458 rebus
615 1378 842 1438 urbanis
875 1375 1029 1457 quod
1051 1397 1140 1436 me
1163 1375 1558 1438 certioremfe-

336 1461 479 1538 cisti,
498 1484 627 1526 cum
655 1483 754 1544 per
781 1461 836 1524 se
864 1466 1002 1524 mihi
1029 1479 1246 1542 gratum
1268 1462 1393 1537 fuit,
1423 1477 1558 1524 tum

340 1548 495 1630 quod
510 1547 835 1653 fignificast}
857 1551 960 1610 tibi
975 1553 1167 1612 omnia
1180 1571 1296 1610 mea
1309 1549 1554 1610 manda·

335 1653 395 1698 ta
423 1657 583 1697 curae
610 1635 753 1698 fore.
798 1639 862 1698 in
894 1640 1094 1717 quibus
1123 1657 1295 1698 unum
1322 1634 1464 1696 illud
1491 1651 1558 1699 te

333 1726 623 1804 praecipue
640 1743 779 1802 rogo
796 1739 862 1782 ut
877 1745 1055 1800 cures,
1086 1745 1157 1782 ne
1173 1722 1302 1802 quid
1319 1724 1459 1782 mihi
1477 1723 1554 1784 ad

333 1813 444 1869 hoc
460 1813 672 1888 negotii
705 1827 798 1869 aut
818 1812 1006 1870 oneris
1031 1811 1269 1882 accedat,
1292 1823 1380 1866 aut
1398 1821 1550 1869 tem-

332 1896 487 1978 poris
507 1918 523 1955 ε
540 1895 1004 1976 Hortenfiumque
1019 1895 1262 1956 nostrum
1278 1893 1551 1972 collegam

332 1998 391 2043 et
420 1981 741 2044 familiarem
770 2003 958 2060 roges„
982 1998 1044 2041 ut
1077 1981 1116 2042 fi
1145 2001 1383 2062 unquam
1415 2001 1550 2042 mea

333 2067 491 2133 causa
520 2069 819 2150 quidquam
852 2085 948 2129 aut
977 2067 1160 2145 sensit,
1183 2085 1278 2128 aut
1299 2066 1452 2142 fecit,
1475 2065 1550 2128 de

256 2160 260 2166 ⁴
330 2160 435 2217 hac
450 2177 673 2235 quoque
690 2155 960 2215 sententia
982 2156 1129 2214 bima
1149 2154 1399 2214 decedat:
1427 2174 1550 2232 qua

332 2245 469 2304 mihi
488 2242 624 2302 nihil
640 2241 811 2320 potest
825 2241 928 2301 else
941 2243 1238 2300 inimicius·
1257 2239 1323 2300 de
1337 2239 1544 2302 nostris

330 2332 493 2390 rebus
510 2327 661 2408 quod
680 2325 813 2386 scire
839 2331 948 2402 νίε,
979 2325 1161 2386 Tarso
1185 2328 1351 2387 nonis
1371 2331 1546 2388 Osto-

331 2416 445 2472 bris
464 2421 737 2472 Amanum
756 2411 942 2472 versus
959 2413 1186 2491 profecti
1203 2412 1544 2476 sumus.haec

328 2496 505 2577 scripfi
520 2497 777 2578 postridie
791 2499 841 2576 ej
848 2519 914 2558 us
927 2499 1183 2576 diei,eum
1195 2498 1362 2562 castra
1375 2501 1546 2562 habe·
