1700 3059
383 157 716 218 EPIST.
767 171 915 216 ιη.
958 169 1040 216 n.
1228 157 1311 224 δι’

104 257 164 317 in
191 255 317 318 Afia
345 256 512 338 poffis
541 256 875 316 convenire.
914 253 983 315 de
1002 255 1319 318 rationibus

103 343 408 406 referendis
413 363 553 419 ‚non
563 359 680 404 erat
687 339 1110 404 incommodum
1126 355 1181 402 te
1194 341 1319 402 nul-

99 428 208 492 lam
223 429 464 504 referre3
489 449 654 510 quam
669 431 768 489 tibi
785 427 973 488 scribis
988 449 1021 488 a
1036 427 1233 510 Bibulo
1246 427 1317 490 fi·

99 517 178 576 eri
201 515 552 598 potestatem.
606 514 698 576 sed
727 515 784 576 id
811 516 915 575 vix
938 515 1077 574 mihi
1102 515 1315 578 viderit
1370 543 1377 552 ·

95 623 196 682 per
211 605 396 683 legem
411 603 614 681 Juliam
641 602 817 663 facere
829 601 979 682 posse
990 624 1011 662 t
1038 621 1203 684 quam
1216 604 1313 664 Bi·

94 690 264 750 bulus
290 705 440 750 certa
461 688 700 768 quadam
715 691 931 748 ratione
953 708 1075 750 non
1096 686 1275 750 servat
1288 711 1311 750 ε

95 777 195 836 tibi
212 793 558 856 magnopere
573 773 893 836 servandam
906 774 1127 838 censeo.
1152 775 1311 856 quod

95 861 316 940 scribis,
341 870 588 943 Apamea
611 860 931 942 praefidium
964 861 1162 924 deduci
1184 883 1309 924 non

93 947 422 1030 opor-tuille,
435 949 690 1009 videbam
705 949 853 1010 idem
866 963 1114 1010 caeteros
1128 947 1313 1011 existi-

89 1057 245 1097 mare
261 1058 279 1095 2
303 1035 634 1116 molesteque
655 1033 915 1110 ferebam,
936 1035 1005 1094 de
1026 1055 1093 1094 ea
1112 1057 1173 1096 re
1200 1037 1307 1098 mi·

89 1143 196 1183 nus
231 1122 564 1185 commodos
597 1120 877 1182 sermones
910 1121 1309 1184 malevolorum

89 1207 268 1272 fuist.
316 1211 506 1270 Parthi
521 1207 855 1284 transierint,
877 1229 1073 1284 necne,
1087 1224 1307 1290 praeter

86 1311 139 1356 te
151 1297 330 1358 video
353 1297 604 1356 dubitare
623 1297 939 1356 neminem·
970 1298 1154 1377 itaque
1175 1316 1303 1358 om·
1350 1313 1357 1322 ·

89 1386 180 1444 nia
197 1381 488 1466 praefidia,
511 1403 653 1463 quae
675 1403 878 1460 magna
892 1399 947 1444 et
960 1381 1119 1444 firma
1137 1405 1299 1466 para·

87 1491 304 1548 veram,
329 1484 646 1530 commotus
671 1471 964 1530 hominum
980 1491 1101 1532 non
1124 1471 1301 1532 dubio

87 1556 342 1620 sermone
355 1555 550 1617 dimifi.
590 1559 834 1618 rationes
849 1559 959 1617 mei
972 1555 1299 1637 quaestoris,

85 1666 184 1706 nec
204 1665 408 1707 verum
436 1642 543 1703 fi1it
571 1663 660 1703 me
688 1645 790 1704 tibi
811 1645 1053 1719 mittere,
1084 1665 1189 1704 nec
1210 1659 1295 1704 ta·

84 1751 210 1793 men
225 1747 395 1792 erant
423 1729 725 1791 confectae.
769 1750 861 1789 eas
886 1751 995 1789 nos
1020 1738 1295 1810 Apameae

83 1819 364 1900 deponere
391 1819 790 1895 cogitabamus.
837 1817 911 1876 de
931 1817 1131 1896 praeda
1145 1837 1293 1894 mea,

85 1922 302 1984 praeter
317 1903 626 1986 quaestores
644 1905 908 1980 urbanos,
922 1904 975 1964 id
990 1903 1085 1981 est,
1107 1927 1290 1988 popu·

85 1993 194 2052 lum
219 2000 568 2065 Romanum,
610 1992 917 2052 teruncium
947 2011 1051 2053 nec
1080 1994 1289 2071 attigit,

86 2099 182 2138 nec
201 2083 352 2138 tactu
359 2099 452 2138 rus
463 2077 536 2138 est
550 2077 860 2159 quisquam.
884 2079 1185 2140 Laodiceae
1198 2099 1288 2140 me

85 2166 311 2242 praedes
341 2181 688 2245 accepturum
713 2167 952 2225 arbitror
975 2169 1159 2227 omnis
1186 2188 1284 2250 pe·

86 2255 277 2312 cuniae
290 2252 625 2332 publicae‚ut
637 2267 694 2310 et
709 2254 842 2310 mihi
858 2269 915 2311 et
928 2254 1139 2334 populo
1152 2277 1285 2315 cau·

85 2352 198 2396 tum
213 2337 280 2397 fit
292 2337 406 2398 fine
416 2343 672 2399 vecturae
685 2339 953 2418 periculo,
986 2341 1139 2421 quod
1155 2340 1283 2400 scri·

83 2424 164 2483 bis
188 2424 258 2485 ad
283 2445 374 2485 me
396 2426 466 2487 de
485 2423 760 2486 drachmis
795 2443 1115 2500 ccc19003
1144 2424 1283 2486 nihil

80 2507 154 2572 est
181 2511 340 2595 quod
361 2513 427 2574 in
458 2511 559 2576 isto
581 2533 782 2593 genere
803 2517 1059 2598 cuiquam
1089 2514 1281 2596 poffim
