1700 3059
341 111 464 188 256
551 115 683 174 AD
730 112 1333 172 ammanus
1424 69 1449 84 ⁸

329 229 476 279 must
491 225 549 270 et
561 213 711 272 hunc
727 232 760 270 a
773 229 969 290 puero,
990 208 1145 289 quod
1160 225 1219 270 et
1231 208 1385 291 spem
1394 229 1543 289 mag·
1620 264 1626 275 .

329 317 460 370 nam
481 298 618 358 mihi
653 295 913 356 afferebat
938 295 1193 358 summae
1222 299 1543 376 probitatis,

331 381 676 462 summaeque
706 384 1081 462 eloquentiae,
1102 399 1157 442 et
1188 385 1421 444 vivebat
1433 403 1547 444 me·
1623 430 1634 443 .

329 491 456 535 cum
471 469 925 547 conjunctiffune,
942 491 1061 529 non
1080 467 1255 530 solum
1270 470 1477 532 officiis
1492 491 1546 528 a·
1625 462 1634 471 ¹

327 558 587 631 micitiae,
615 553 704 615 sed
725 557 891 615 etiam
924 554 1108 616 studiis
1134 558 1550 632 communibus,

327 641 400 706 fic
415 642 626 722 semper
639 641 832 716 dilexi,
857 657 921 702 ut
944 663 1065 702 non
1092 642 1207 702 ullo
1222 663 1355 702 cum
1370 645 1549 703 homi·

327 750 402 790 ne
417 728 772 806 conjunctius
787 731 1053 790 viverem.
1086 728 1223 788 nibil
1238 731 1451 790 attinet
1462 749 1551 790 me

327 815 488 900 plura
504 814 754 876 scribere.
799 835 967 894 quam
993 816 1125 876 mihi
1159 814 1375 876 necesse
1402 815 1477 876 est
1492 838 1549 876 e-

319 905 418 984 jus
431 901 658 964 fflutem
671 917 728 961 et
742 901 1455 982 fortuna8,quibustunque
1472 925 1551 964 re·

325 991 436 1054 bus
464 989 680 1072 poffim,
717 991 883 1064 tueri,
912 988 1093 1050 videa.
1139 989 1425 1067 reliquum
1454 989 1549 1063 est,-
1640 1043 1653 1058 .

325 1092 415 1153 ut,
435 1098 562 1138 cum
586 1077 879 1154 cognorim
904 1075 1156 1154 pluribus
1190 1078 1389 1148 rebus,
1414 1076 1551 1156 quid

325 1179 391 1226 tu
405 1179 462 1224 et
475 1163 544 1224 dc
557 1165 836 1223 bonorum
855 1161 1104 1236 fortuna,
1121 1178 1177 1221 et
1190 1162 1259 1220 de
1276 1163 1549 1242 reipubli·
1670 1184 1672 1236 ι

327 1271 424 1324 cac
451 1250 848 1319 calamitatibus
880 1248 1131 1324 sentires,
1154 1248 1292 1308 nihil
1322 1267 1553 1330 atepe·
1672 1260 1674 1308 1

328 1352 467 1414 tam,
509 1333 610 1396 nili
640 1351 704 1394 ut
731 1335 802 1396 ad
823 1357 943 1398 eam
973 1335 1345 1408 voluntatem,
1374 1356 1553 1415 quam
1674 1336 1676 1378 Ι

329 1439 430 1486 tua
443 1422 640 1506 sponte
655 1443 787 1502 erga
816 1424 1111 1487 Caecinam
1142 1424 1435 1482 habiturus
1462 1422 1548 1484 es·

328 1510 436 1589 ses,
457 1525 648 1572 tantus
662 1510 911 1571 cumulus
941 1509 1165 1572 accedat
1186 1511 1551 1572 commendas

329 1601 488 1660 tione
501 1618 645 1673 mea,
667 1600 865 1676 quanti
896 1619 987 1658 me
1008 1618 1041 1656 a
1062 1612 1117 1656 te
1130 1596 1244 1656 fieri
1258 1597 1551 1674 intelligo.

328 1687 438 1746 hoc
453 1685 586 1746 mihi
605 1687 817 1764 gratius
835 1683 1011 1745 facere
1024 1683 1163 1744 nihil
1178 1698 1365 1764 potes.
1390 1683 1547 1744 vale.

509 1877 583 1920 u.
616 1877 680 1919 τ.
712 1877 770 1918 e.
801 1876 1171 1918 nanniano
1206 1877 1255 1917 s-
1288 1875 1357 1917 ι).

415 1950 540 2024 Ego
570 1947 767 2025 quanti
797 1961 853 2003 te
883 1943 1098 2019 faciam,
1126 1942 1447 2022 semperque
1460 1942 1547 2003 fe·
1569 1921 1613 1955 ¹⁶

326 2032 518 2107 cerim,
541 2034 734 2111 quanti
756 2052 845 2090 me
870 2051 901 2089 a
922 2045 980 2089 te
1006 2029 1127 2090 fieri
1144 2027 1551 2106 intellexerim,

328 2117 444 2180 sum
475 2120 612 2178 mihi
641 2115 753 2199 ipse
776 2116 949 2178 testis.
996 2137 1127 2176 nam
1156 2132 1215 2176 et
1250 2113 1549 2176 confilium

325 2221 506 2280 tuum,
528 2204 618 2265 vel
648 2201 800 2274 casua
832 2205 1021 2284 potius
1044 2203 1251 2264 diutius
1272 2204 1335 2261 in
1366 2205 1547 2262 armis

322 2289 580 2350 civilibus
595 2286 1211 2368 commorandi,semper
1226 2290 1363 2348 mihi
1380 2307 1545 2367 mg·

319 2393 402 2432 no
419 2371 599 2432 dolori
615 2372 752 2434 fuit:
783 2387 840 2432 et
862 2375 953 2432 hic
968 2389 1228 2448 eventu-⁰„
1250 2373 1405 2452 quod
1422 2389 1545 2436 tar-

316 2453 463 2532 diuS,
487 2477 656 2545 quam
669 2458 744 2520 est
757 2477 1021 2539 aequum,
1035 2474 1095 2519 et
1108 2479 1277 2542 quam
1290 2479 1398 2539 ego
1409 2459 1547 2520 vel-
