<?xml version="1.0" encoding="UTF-8"?>
<!DOCTYPE html PUBLIC "-//W3C//DTD XHTML 1.0 Transitional//EN"
    "http://www.w3.org/TR/xhtml1/DTD/xhtml1-transitional.dtd">
<html xmlns="http://www.w3.org/1999/xhtml" xml:lang="en" lang="en">
 <head>
  <title>
</title>
<meta http-equiv="Content-Type" content="text/html;charset=utf-8" />
  <meta name='ocr-system' content='tesseract 3.04.00' />
  <meta name='ocr-capabilities' content='ocr_page ocr_carea ocr_par ocr_line ocrx_word'/>
</head>
<body>
  <div class='ocr_page' id='page_1' title='image "./mtulliiciceroni10unkngoog/mtulliiciceroni10unkngoog_0102.png"; bbox 0 0 1700 3059; ppageno 0'>
   <div class='ocr_carea' id='block_1_1' title="bbox 368 161 1373 244">
    <p class='ocr_par' dir='ltr' id='par_1_1' title="bbox 368 161 1373 244">
     <span class='ocr_line' id='line_1_1' title="bbox 368 161 1373 244; baseline -0.003 -23"><span class='ocrx_word' id='word_1_1' title='bbox 368 181 454 244; x_wconf 61' lang='grc' dir='ltr'>,ᾳ</span> <span class='ocrx_word' id='word_1_2' title='bbox 588 163 715 236; x_wconf 63' lang='grc' dir='ltr'>ω)</span> <span class='ocrx_word' id='word_1_3' title='bbox 758 161 1373 224; x_wconf 59' lang='lat' dir='ltr'>Mutum-ius</span> 
     </span>
    </p>
   </div>
   <div class='ocr_carea' id='block_1_2' title="bbox 360 257 1671 2594">
    <p class='ocr_par' dir='ltr' id='par_1_2' title="bbox 360 257 1671 2594">
     <span class='ocr_line' id='line_1_2' title="bbox 360 257 1671 344; baseline -0.004 -18"><span class='ocrx_word' id='word_1_4' title='bbox 360 262 718 326; x_wconf 62' lang='lat' dir='ltr'>scriberetur.</span> <span class='ocrx_word' id='word_1_5' title='bbox 750 262 809 323; x_wconf 90' lang='lat' dir='ltr'>id</span> <span class='ocrx_word' id='word_1_6' title='bbox 820 271 952 324; x_wconf 82' lang='lat' dir='ltr'><strong>&#39;cum</strong></span> <span class='ocrx_word' id='word_1_7' title='bbox 965 261 1234 344; x_wconf 78' lang='lat' dir='ltr'>Sulpicius</span> <span class='ocrx_word' id='word_1_8' title='bbox 1249 257 1609 342; x_wconf 69' lang='lat' dir='ltr'>consulaepas-</span> <span class='ocrx_word' id='word_1_9' title='bbox 1670 289 1671 344; x_wconf 34' lang='lat' dir='ltr'>i</span> 
     </span>
     <span class='ocr_line' id='line_1_3' title="bbox 366 347 1606 432; baseline -0.008 -18"><span class='ocrx_word' id='word_1_10' title='bbox 366 347 558 414; x_wconf 79' lang='lat' dir='ltr'>surum</span> <span class='ocrx_word' id='word_1_11' title='bbox 574 349 627 410; x_wconf 91' lang='lat' dir='ltr'>se</span> <span class='ocrx_word' id='word_1_12' title='bbox 638 349 1064 426; x_wconf 82' lang='lat' dir='ltr'>negaret,multa</span> <span class='ocrx_word' id='word_1_13' title='bbox 1081 361 1188 410; x_wconf 73' lang='lat' dir='ltr'>nos</span> <span class='ocrx_word' id='word_1_14' title='bbox 1204 348 1442 429; x_wconf 83' lang='lat' dir='ltr'>quidem</span> <span class='ocrx_word' id='word_1_15' title='bbox 1457 369 1606 432; x_wconf 82' lang='lat' dir='ltr'>que·</span> 
     </span>
     <span class='ocr_line' id='line_1_4' title="bbox 370 433 1671 512; baseline -0.008 -12"><span class='ocrx_word' id='word_1_16' title='bbox 370 435 667 512; x_wconf 82' lang='lat' dir='ltr'>stisumus;</span> <span class='ocrx_word' id='word_1_17' title='bbox 706 435 793 496; x_wconf 84' lang='lat' dir='ltr'>sed</span> <span class='ocrx_word' id='word_1_18' title='bbox 820 451 1010 496; x_wconf 81' lang='lat' dir='ltr'>tantus</span> <span class='ocrx_word' id='word_1_19' title='bbox 1041 433 1338 496; x_wconf 82' lang='lat' dir='ltr'>consensus</span> <span class='ocrx_word' id='word_1_20' title='bbox 1367 433 1605 498; x_wconf 78' lang='lat' dir='ltr'>senatus</span> <span class='ocrx_word' id='word_1_21' title='bbox 1670 451 1671 482; x_wconf 71' lang='lat'><em>2</em></span> 
     </span>
     <span class='ocr_line' id='line_1_5' title="bbox 367 520 1603 603; baseline -0.005 -18"><span class='ocrx_word' id='word_1_22' title='bbox 367 523 499 597; x_wconf 61' lang='lat' dir='ltr'>fixit,</span> <span class='ocrx_word' id='word_1_23' title='bbox 534 537 598 582; x_wconf 85' lang='lat' dir='ltr'>ut</span> <span class='ocrx_word' id='word_1_24' title='bbox 616 537 831 582; x_wconf 86' lang='lat' dir='ltr'>mature</span> <span class='ocrx_word' id='word_1_25' title='bbox 861 520 1348 603; x_wconf 85' lang='lat' dir='ltr'>proficisceremur,</span> <span class='ocrx_word' id='word_1_26' title='bbox 1389 541 1603 602; x_wconf 83' lang='lat' dir='ltr'>paren-</span> 
     </span>
     <span class='ocr_line' id='line_1_6' title="bbox 368 607 1600 689; baseline -0.008 -15"><span class='ocrx_word' id='word_1_27' title='bbox 368 611 509 674; x_wconf 76' lang='lat' dir='ltr'>dum</span> <span class='ocrx_word' id='word_1_28' title='bbox 539 625 601 668; x_wconf 86' lang='lat' dir='ltr'>ut</span> <span class='ocrx_word' id='word_1_29' title='bbox 635 608 827 670; x_wconf 74' lang='lat' dir='ltr'>flierit.</span> <span class='ocrx_word' id='word_1_30' title='bbox 879 611 1064 689; x_wconf 84' lang='lat' dir='ltr'>itaque</span> <span class='ocrx_word' id='word_1_31' title='bbox 1107 607 1364 668; x_wconf 68' lang='lat' dir='ltr'>fecimnz.</span> <span class='ocrx_word' id='word_1_32' title='bbox 1413 628 1600 680; x_wconf 78' lang='lat' dir='ltr'>nunc,</span> 
     </span>
     <span class='ocr_line' id='line_1_7' title="bbox 366 694 1596 780; baseline -0.003 -23.98"><span class='ocrx_word' id='word_1_33' title='bbox 366 694 527 780; x_wconf 86' lang='lat' dir='ltr'>quod</span> <span class='ocrx_word' id='word_1_34' title='bbox 544 717 575 755; x_wconf 82' lang='lat' dir='ltr'><strong>a</strong></span> <span class='ocrx_word' id='word_1_35' title='bbox 590 711 645 756; x_wconf 89' lang='lat' dir='ltr'>te</span> <span class='ocrx_word' id='word_1_36' title='bbox 662 698 795 776; x_wconf 88' lang='lat' dir='ltr'>petii</span> <span class='ocrx_word' id='word_1_37' title='bbox 806 696 1015 760; x_wconf 79' lang='lat' dir='ltr'>literis</span> <span class='ocrx_word' id='word_1_38' title='bbox 999 696 1094 770; x_wconf 66' lang='lat' dir='ltr'>niz,</span> <span class='ocrx_word' id='word_1_39' title='bbox 1117 715 1267 775; x_wconf 78' lang='lat' dir='ltr'>quas</span> <span class='ocrx_word' id='word_1_40' title='bbox 1273 701 1596 754; x_wconf 82' lang='lat' dir='ltr'>Romaeta-</span> 
     </span>
     <span class='ocr_line' id='line_1_8' title="bbox 376 779 1597 857; baseline -0.004 -14"><span class='ocrx_word' id='word_1_41' title='bbox 376 781 619 843; x_wconf 81' lang='lat' dir='ltr'>bellariis</span> <span class='ocrx_word' id='word_1_42' title='bbox 634 783 743 841; x_wconf 82' lang='lat' dir='ltr'>tuis</span> <span class='ocrx_word' id='word_1_43' title='bbox 760 781 907 857; x_wconf 79' lang='lat' dir='ltr'>dedi,</span> <span class='ocrx_word' id='word_1_44' title='bbox 931 780 1096 852; x_wconf 81' lang='lat' dir='ltr'>velim</span> <span class='ocrx_word' id='word_1_45' title='bbox 1119 782 1220 840; x_wconf 90' lang='lat' dir='ltr'>tibi</span> <span class='ocrx_word' id='word_1_46' title='bbox 1235 801 1408 840; x_wconf 81' lang='lat' dir='ltr'>curae</span> <span class='ocrx_word' id='word_1_47' title='bbox 1419 779 1511 854; x_wconf 83' lang='lat' dir='ltr'>fit,</span> <span class='ocrx_word' id='word_1_48' title='bbox 1533 795 1597 839; x_wconf 88' lang='lat' dir='ltr'>ut</span> 
     </span>
     <span class='ocr_line' id='line_1_9' title="bbox 374 865 1590 948; baseline 0.001 -22"><span class='ocrx_word' id='word_1_49' title='bbox 374 889 517 948; x_wconf 81' lang='lat' dir='ltr'>quae</span> <span class='ocrx_word' id='word_1_50' title='bbox 529 866 813 930; x_wconf 80' lang='lat' dir='ltr'>succeffori</span> <span class='ocrx_word' id='word_1_51' title='bbox 836 867 1276 946; x_wconf 70' lang='lat' dir='ltr'><strong>conjunfflffimo</strong></span> <span class='ocrx_word' id='word_1_52' title='bbox 1299 882 1358 926; x_wconf 88' lang='lat' dir='ltr'>et</span> <span class='ocrx_word' id='word_1_53' title='bbox 1375 865 1590 928; x_wconf 82' lang='lat' dir='ltr'>amicis-</span> 
     </span>
     <span class='ocr_line' id='line_1_10' title="bbox 374 953 1590 1035; baseline -0.003 -20"><span class='ocrx_word' id='word_1_54' title='bbox 374 953 511 1016; x_wconf 78' lang='lat' dir='ltr'>iimo</span> <span class='ocrx_word' id='word_1_55' title='bbox 526 953 875 1015; x_wconf 80' lang='lat' dir='ltr'>commodare</span> <span class='ocrx_word' id='word_1_56' title='bbox 891 953 1104 1035; x_wconf 83' lang='lat' dir='ltr'>potest</span> <span class='ocrx_word' id='word_1_57' title='bbox 1087 975 1161 1028; x_wconf 77' lang='lat' dir='ltr'>is,</span> <span class='ocrx_word' id='word_1_58' title='bbox 1183 955 1282 1033; x_wconf 85' lang='lat' dir='ltr'>qui</span> <span class='ocrx_word' id='word_1_59' title='bbox 1297 955 1590 1034; x_wconf 82' lang='lat' dir='ltr'>provinci-</span> 
     </span>
     <span class='ocr_line' id='line_1_11' title="bbox 374 1037 1591 1121; baseline -0.004 -19"><span class='ocrx_word' id='word_1_60' title='bbox 374 1061 467 1102; x_wconf 83' lang='lat' dir='ltr'>am</span> <span class='ocrx_word' id='word_1_61' title='bbox 494 1039 685 1116; x_wconf 70' lang='lat' dir='ltr'>tradit,</span> <span class='ocrx_word' id='word_1_62' title='bbox 708 1061 775 1101; x_wconf 82' lang='lat' dir='ltr'>ea</span> <span class='ocrx_word' id='word_1_63' title='bbox 800 1062 906 1121; x_wconf 88' lang='lat' dir='ltr'>pro</span> <span class='ocrx_word' id='word_1_64' title='bbox 927 1039 1114 1100; x_wconf 86' lang='lat' dir='ltr'>nostra</span> <span class='ocrx_word' id='word_1_65' title='bbox 1143 1037 1591 1116; x_wconf 62' lang='lat' dir='ltr'>consociatiffima</span> 
     </span>
     <span class='ocr_line' id='line_1_12' title="bbox 375 1125 1592 1206; baseline -0.002 -18"><span class='ocrx_word' id='word_1_66' title='bbox 375 1127 819 1202; x_wconf 77' lang='lat' dir='ltr'>voluntate,cura</span> <span class='ocrx_word' id='word_1_67' title='bbox 832 1149 896 1188; x_wconf 81' lang='lat' dir='ltr'>ac</span> <span class='ocrx_word' id='word_1_68' title='bbox 909 1127 1192 1204; x_wconf 85' lang='lat' dir='ltr'>diligentia</span> <span class='ocrx_word' id='word_1_69' title='bbox 1207 1141 1302 1185; x_wconf 82' lang='lat' dir='ltr'>tua</span> <span class='ocrx_word' id='word_1_70' title='bbox 1317 1125 1592 1206; x_wconf 85' lang='lat' dir='ltr'>complec-</span> 
     </span>
     <span class='ocr_line' id='line_1_13' title="bbox 374 1213 1589 1290; baseline -0.002 -16"><span class='ocrx_word' id='word_1_71' title='bbox 374 1230 528 1274; x_wconf 79' lang='lat' dir='ltr'>tare:</span> <span class='ocrx_word' id='word_1_72' title='bbox 555 1229 617 1273; x_wconf 89' lang='lat' dir='ltr'>ut</span> <span class='ocrx_word' id='word_1_73' title='bbox 632 1234 827 1274; x_wconf 83' lang='lat' dir='ltr'>omnes</span> <span class='ocrx_word' id='word_1_74' title='bbox 844 1213 1184 1290; x_wconf 78' lang='lat' dir='ltr'>intelligant,</span> <span class='ocrx_word' id='word_1_75' title='bbox 1204 1233 1310 1272; x_wconf 87' lang='lat' dir='ltr'>nec</span> <span class='ocrx_word' id='word_1_76' title='bbox 1323 1233 1416 1272; x_wconf 85' lang='lat' dir='ltr'>me</span> <span class='ocrx_word' id='word_1_77' title='bbox 1425 1215 1589 1272; x_wconf 72' lang='lat' dir='ltr'>bene-</span> 
     </span>
     <span class='ocr_line' id='line_1_14' title="bbox 374 1299 1590 1380; baseline -0.007 -14"><span class='ocrx_word' id='word_1_78' title='bbox 374 1300 681 1366; x_wconf 73' lang='lat' dir='ltr'>,valentiori</span> <span class='ocrx_word' id='word_1_79' title='bbox 698 1303 956 1380; x_wconf 81' lang='lat' dir='ltr'>cuiquam</span> <span class='ocrx_word' id='word_1_80' title='bbox 963 1299 1375 1374; x_wconf 82' lang='lat' dir='ltr'>succedere,nec</span> <span class='ocrx_word' id='word_1_81' title='bbox 1390 1314 1447 1359; x_wconf 94' lang='lat' dir='ltr'>te</span> <span class='ocrx_word' id='word_1_82' title='bbox 1459 1301 1590 1358; x_wconf 82' lang='lat' dir='ltr'>ami-</span> 
     </span>
     <span class='ocr_line' id='line_1_15' title="bbox 376 1385 1584 1468; baseline -0.003 -20"><span class='ocrx_word' id='word_1_83' title='bbox 376 1389 519 1448; x_wconf 86' lang='lat' dir='ltr'>ciori</span> <span class='ocrx_word' id='word_1_84' title='bbox 534 1385 767 1468; x_wconf 75' lang='lat' dir='ltr'>potuiffe.</span> <span class='ocrx_word' id='word_1_85' title='bbox 782 1388 1132 1468; x_wconf 79' lang='lat' dir='ltr'>provinciam</span> <span class='ocrx_word' id='word_1_86' title='bbox 1147 1385 1388 1446; x_wconf 79' lang='lat' dir='ltr'>tradere.</span> <span class='ocrx_word' id='word_1_87' title='bbox 1435 1387 1584 1445; x_wconf 80' lang='lat' dir='ltr'>exiis</span> 
     </span>
     <span class='ocr_line' id='line_1_16' title="bbox 376 1469 1584 1553; baseline -0.003 -18"><span class='ocrx_word' id='word_1_88' title='bbox 376 1475 575 1548; x_wconf 72' lang='lat' dir='ltr'>literis„</span> <span class='ocrx_word' id='word_1_89' title='bbox 600 1495 829 1553; x_wconf 81' lang='lat' dir='ltr'><strong>quarum</strong></span> <span class='ocrx_word' id='word_1_90' title='bbox 848 1473 916 1533; x_wconf 82' lang='lat' dir='ltr'>ad</span> <span class='ocrx_word' id='word_1_91' title='bbox 939 1494 1027 1534; x_wconf 87' lang='lat' dir='ltr'>me</span> <span class='ocrx_word' id='word_1_92' title='bbox 1049 1469 1362 1553; x_wconf 81' lang='lat' dir='ltr'>exemplum</span> <span class='ocrx_word' id='word_1_93' title='bbox 1387 1471 1584 1547; x_wconf 71' lang='lat' dir='ltr'>mimi,</span> 
     </span>
     <span class='ocr_line' id='line_1_17' title="bbox 378 1557 1574 1639; baseline 0 -21"><span class='ocrx_word' id='word_1_94' title='bbox 378 1579 517 1639; x_wconf 78' lang='lat' dir='ltr'><strong>quas</strong></span> <span class='ocrx_word' id='word_1_95' title='bbox 534 1562 593 1618; x_wconf 88' lang='lat' dir='ltr'>in</span> <span class='ocrx_word' id='word_1_96' title='bbox 610 1559 796 1626; x_wconf 86' lang='lat' dir='ltr'>senatu</span> <span class='ocrx_word' id='word_1_97' title='bbox 812 1560 1030 1622; x_wconf 82' lang='lat' dir='ltr'>recitati</span> <span class='ocrx_word' id='word_1_98' title='bbox 1053 1559 1294 1633; x_wconf 86' lang='lat' dir='ltr'>voluisti,</span> <span class='ocrx_word' id='word_1_99' title='bbox 1317 1557 1392 1620; x_wconf 87' lang='lat' dir='ltr'>fic</span> <span class='ocrx_word' id='word_1_100' title='bbox 1413 1559 1574 1620; x_wconf 83' lang='lat' dir='ltr'>intel-</span> 
     </span>
     <span class='ocr_line' id='line_1_18' title="bbox 378 1631 1577 1727; baseline -0.001 -22"><span class='ocrx_word' id='word_1_101' title='bbox 378 1646 620 1708; x_wconf 77' lang='lat' dir='ltr'>lexeram</span> <span class='ocrx_word' id='word_1_102' title='bbox 635 1647 935 1727; x_wconf 84' lang='lat' dir='ltr'>permultos</span> <span class='ocrx_word' id='word_1_103' title='bbox 951 1667 984 1706; x_wconf 83' lang='lat' dir='ltr'>a</span> <span class='ocrx_word' id='word_1_104' title='bbox 999 1661 1051 1706; x_wconf 86' lang='lat' dir='ltr'>te</span> <span class='ocrx_word' id='word_1_105' title='bbox 1063 1645 1268 1706; x_wconf 85' lang='lat' dir='ltr'>milites</span> <span class='ocrx_word' id='word_1_106' title='bbox 1283 1643 1388 1704; x_wconf 77' lang='lat' dir='ltr'>else</span> <span class='ocrx_word' id='word_1_107' title='bbox 1401 1631 1577 1706; x_wconf 82' lang='lat' dir='ltr'>dimis-</span> 
     </span>
     <span class='ocr_line' id='line_1_19' title="bbox 378 1732 1582 1806; baseline -0.003 -12"><span class='ocrx_word' id='word_1_108' title='bbox 378 1732 505 1800; x_wconf 64' lang='grc' dir='ltr'>[σεε</span> <span class='ocrx_word' id='word_1_109' title='bbox 535 1733 623 1794; x_wconf 88' lang='lat' dir='ltr'>sed</span> <span class='ocrx_word' id='word_1_110' title='bbox 638 1735 773 1794; x_wconf 83' lang='lat' dir='ltr'>mihi</span> <span class='ocrx_word' id='word_1_111' title='bbox 787 1736 986 1793; x_wconf 79' lang='lat' dir='ltr'>Fabius</span> <span class='ocrx_word' id='word_1_112' title='bbox 1002 1733 1146 1793; x_wconf 83' lang='lat' dir='ltr'>idem</span> <span class='ocrx_word' id='word_1_113' title='bbox 1167 1732 1582 1806; x_wconf 78' lang='lat' dir='ltr'>demonstravit,</span> 
     </span>
     <span class='ocr_line' id='line_1_20' title="bbox 368 1817 1584 1900; baseline -0.002 -21"><span class='ocrx_word' id='word_1_114' title='bbox 368 1820 441 1880; x_wconf 75' lang='lat' dir='ltr'>id</span> <span class='ocrx_word' id='word_1_115' title='bbox 471 1837 527 1880; x_wconf 84' lang='lat' dir='ltr'>te</span> <span class='ocrx_word' id='word_1_116' title='bbox 555 1820 809 1900; x_wconf 70' lang='lat' dir='ltr'>cogitasse</span> <span class='ocrx_word' id='word_1_117' title='bbox 838 1820 1048 1894; x_wconf 80' lang='lat' dir='ltr'>facere,</span> <span class='ocrx_word' id='word_1_118' title='bbox 1074 1819 1190 1894; x_wconf 81' lang='lat' dir='ltr'>sed,</span> <span class='ocrx_word' id='word_1_119' title='bbox 1215 1817 1518 1899; x_wconf 75' lang='lat' dir='ltr'>cum.ipst.a</span> <span class='ocrx_word' id='word_1_120' title='bbox 1533 1833 1584 1877; x_wconf 90' lang='lat' dir='ltr'>te</span> 
     </span>
     <span class='ocr_line' id='line_1_21' title="bbox 379 1905 1582 1986; baseline -0.003 -18"><span class='ocrx_word' id='word_1_121' title='bbox 379 1905 697 1982; x_wconf 85' lang='lat' dir='ltr'>discederet,</span> <span class='ocrx_word' id='word_1_122' title='bbox 718 1909 996 1986; x_wconf 81' lang='lat' dir='ltr'>integrum</span> <span class='ocrx_word' id='word_1_123' title='bbox 1025 1906 1263 1966; x_wconf 86' lang='lat' dir='ltr'>militum</span> <span class='ocrx_word' id='word_1_124' title='bbox 1299 1925 1582 1966; x_wconf 79' lang='lat' dir='ltr'>numerum</span> 
     </span>
     <span class='ocr_line' id='line_1_22' title="bbox 381 1993 1580 2074; baseline -0.003 -18"><span class='ocrx_word' id='word_1_125' title='bbox 381 1993 555 2056; x_wconf 77' lang='lat' dir='ltr'>fuisse.</span> <span class='ocrx_word' id='word_1_126' title='bbox 600 1994 805 2054; x_wconf 83' lang='lat' dir='ltr'>idfiita</span> <span class='ocrx_word' id='word_1_127' title='bbox 820 1994 915 2071; x_wconf 89' lang='lat' dir='ltr'>est,</span> <span class='ocrx_word' id='word_1_128' title='bbox 944 2008 1258 2074; x_wconf 84' lang='lat' dir='ltr'>pergratum</span> <span class='ocrx_word' id='word_1_129' title='bbox 1289 1994 1420 2052; x_wconf 84' lang='lat' dir='ltr'>mihi</span> <span class='ocrx_word' id='word_1_130' title='bbox 1447 1993 1580 2052; x_wconf 82' lang='lat' dir='ltr'>fece-</span> 
     </span>
     <span class='ocr_line' id='line_1_23' title="bbox 382 2077 1577 2160; baseline -0.005 -18"><span class='ocrx_word' id='word_1_131' title='bbox 382 2084 485 2158; x_wconf 71' lang='grc' dir='ltr'>τὶε,</span> <span class='ocrx_word' id='word_1_132' title='bbox 514 2081 553 2142; x_wconf 80' lang='lat' dir='ltr'><strong>fi</strong></span> <span class='ocrx_word' id='word_1_133' title='bbox 568 2081 691 2144; x_wconf 84' lang='lat' dir='ltr'>istas</span> <span class='ocrx_word' id='word_1_134' title='bbox 708 2084 934 2159; x_wconf 77' lang='lat' dir='ltr'>exiguas</span> <span class='ocrx_word' id='word_1_135' title='bbox 949 2082 1160 2160; x_wconf 79' lang='lat' dir='ltr'>copias,</span> <span class='ocrx_word' id='word_1_136' title='bbox 1177 2099 1322 2158; x_wconf 80' lang='lat' dir='ltr'><strong>quas·</strong></span> <span class='ocrx_word' id='word_1_137' title='bbox 1333 2077 1577 2154; x_wconf 81' lang='lat' dir='ltr'>habuisti,</span> 
     </span>
     <span class='ocr_line' id='line_1_24' title="bbox 381 2163 1575 2249; baseline -0.004 -20"><span class='ocrx_word' id='word_1_138' title='bbox 381 2186 549 2249; x_wconf 83' lang='lat' dir='ltr'><strong>quam</strong></span> <span class='ocrx_word' id='word_1_139' title='bbox 562 2171 789 2229; x_wconf 85' lang='lat' dir='ltr'>minime</span> <span class='ocrx_word' id='word_1_140' title='bbox 808 2168 1184 2230; x_wconf 73' lang='lat' dir='ltr'>imminuerisz</span> <span class='ocrx_word' id='word_1_141' title='bbox 1215 2186 1328 2244; x_wconf 87' lang='lat' dir='ltr'>qua</span> <span class='ocrx_word' id='word_1_142' title='bbox 1349 2164 1416 2224; x_wconf 87' lang='lat' dir='ltr'>de</span> <span class='ocrx_word' id='word_1_143' title='bbox 1429 2185 1488 2224; x_wconf 89' lang='lat' dir='ltr'>re</span> <span class='ocrx_word' id='word_1_144' title='bbox 1503 2163 1575 2224; x_wconf 89' lang='lat' dir='ltr'>se·</span> 
     </span>
     <span class='ocr_line' id='line_1_25' title="bbox 366 2251 1576 2332; baseline -0.003 -18"><span class='ocrx_word' id='word_1_145' title='bbox 366 2253 823 2316; x_wconf 74' lang='lat' dir='ltr'>‚natus-consulta</span> <span class='ocrx_word' id='word_1_146' title='bbox 837 2297 859 2328; x_wconf 89' lang='lat'><strong><em>,</em></strong></span> <span class='ocrx_word' id='word_1_147' title='bbox 895 2274 1035 2332; x_wconf 74' lang='lat' dir='ltr'>quae</span> <span class='ocrx_word' id='word_1_148' title='bbox 1063 2251 1206 2314; x_wconf 65' lang='lat' dir='ltr'>faeta</span> <span class='ocrx_word' id='word_1_149' title='bbox 1237 2252 1384 2326; x_wconf 82' lang='lat' dir='ltr'>sunt,</span> <span class='ocrx_word' id='word_1_150' title='bbox 1429 2251 1494 2312; x_wconf 83' lang='lat' dir='ltr'>ad</span> <span class='ocrx_word' id='word_1_151' title='bbox 1527 2265 1576 2310; x_wconf 88' lang='lat' dir='ltr'>te</span> 
     </span>
     <span class='ocr_line' id='line_1_26' title="bbox 372 2337 1574 2419; baseline -0.007 -13"><span class='ocrx_word' id='word_1_152' title='bbox 372 2342 535 2406; x_wconf 65' lang='lat' dir='ltr'>missa</span> <span class='ocrx_word' id='word_1_153' title='bbox 546 2341 649 2400; x_wconf 69' lang='lat' dir='ltr'>esse</span> <span class='ocrx_word' id='word_1_154' title='bbox 664 2343 922 2400; x_wconf 82' lang='lat' dir='ltr'>arbitror.</span> <span class='ocrx_word' id='word_1_155' title='bbox 934 2337 1188 2419; x_wconf 82' lang='lat' dir='ltr'>equidem</span> <span class='ocrx_word' id='word_1_156' title='bbox 1205 2360 1308 2419; x_wconf 90' lang='lat' dir='ltr'>pro</span> <span class='ocrx_word' id='word_1_157' title='bbox 1325 2359 1393 2398; x_wconf 86' lang='lat' dir='ltr'>eo</span> <span class='ocrx_word' id='word_1_158' title='bbox 1407 2357 1574 2418; x_wconf 84' lang='lat' dir='ltr'><strong>quan·</strong></span> 
     </span>
     <span class='ocr_line' id='line_1_27' title="bbox 366 2425 1570 2506; baseline -0.002 -17"><span class='ocrx_word' id='word_1_159' title='bbox 366 2432 429 2490; x_wconf 84' lang='lat' dir='ltr'>.ti</span> <span class='ocrx_word' id='word_1_160' title='bbox 460 2444 512 2488; x_wconf 89' lang='lat' dir='ltr'>te</span> <span class='ocrx_word' id='word_1_161' title='bbox 541 2426 705 2500; x_wconf 82' lang='lat' dir='ltr'>facio,</span> <span class='ocrx_word' id='word_1_162' title='bbox 728 2425 1004 2504; x_wconf 85' lang='lat' dir='ltr'>quidquid</span> <span class='ocrx_word' id='word_1_163' title='bbox 1029 2425 1223 2486; x_wconf 84' lang='lat' dir='ltr'>feceris</span> <span class='ocrx_word' id='word_1_164' title='bbox 1247 2427 1570 2506; x_wconf 83' lang='lat' dir='ltr'><strong>approbabo.</strong></span> 
     </span>
     <span class='ocr_line' id='line_1_28' title="bbox 368 2510 1574 2594; baseline 0.001 -21"><span class='ocrx_word' id='word_1_165' title='bbox 368 2512 475 2574; x_wconf 77' lang='lat' dir='ltr'>.std</span> <span class='ocrx_word' id='word_1_166' title='bbox 486 2528 541 2574; x_wconf 77' lang='lat' dir='ltr'>te</span> <span class='ocrx_word' id='word_1_167' title='bbox 554 2531 777 2594; x_wconf 77' lang='lat' dir='ltr'>quoque</span> <span class='ocrx_word' id='word_1_168' title='bbox 806 2510 1032 2574; x_wconf 81' lang='lat' dir='ltr'>confido</span> <span class='ocrx_word' id='word_1_169' title='bbox 1045 2532 1110 2576; x_wconf 79' lang='lat' dir='ltr'>ea</span> <span class='ocrx_word' id='word_1_170' title='bbox 1129 2510 1417 2591; x_wconf 64' lang='lat' dir='ltr'>sedtum,</span> <span class='ocrx_word' id='word_1_171' title='bbox 1445 2531 1574 2594; x_wconf 74' lang='lat' dir='ltr'>quae</span> 
     </span>
    </p>
   </div>
   <div class='ocr_carea' id='block_1_3' title="bbox 1661 489 1682 2700">
    <p class='ocr_par' dir='ltr' id='par_1_3' title="bbox 1661 489 1682 2700">
     <span class='ocr_line' id='line_1_29' title="bbox 1661 489 1682 2700; baseline 0 0"><span class='ocrx_word' id='word_1_172' title='bbox 1661 489 1682 2700; x_wconf 95' lang='lat' dir='ltr'> </span> 
     </span>
    </p>
   </div>
  </div>
 </body>
</html>
