1700 3059
352 178 477 253 178
564 178 690 234 AD
735 172 1342 232 FAM1L1ARES

348 281 488 344 mihi
517 291 706 338 tamen
744 275 952 333 honori
987 269 1202 332 summo
1238 271 1404 333 fuit:
1437 294 1596 336 nam

348 381 475 430 cum
490 364 583 426 ille
597 363 731 424 mihi
754 358 918 436 nihil,
939 357 1042 419 nifi
1055 375 1119 418 ut
1139 359 1419 436 jurarem,
1443 381 1594 442 per-

348 456 613 527 mitteret,
634 467 837 526 magna
856 466 997 506 voce
1019 445 1208 523 juravi
1227 448 1587 510 veriffnnum

350 539 889 625 pulcherrimumque
925 533 1358 612 jusjurandum:
1411 535 1585 616 quod

350 625 592 712 populus
608 623 755 683 idem
768 639 968 698 magna
985 639 1125 680 voce
1140 639 1230 682 me
1243 641 1376 682 vere
1384 622 1584 702 juras-

352 715 428 789 se,
454 713 689 792 juravit.
736 712 839 768 hac
863 721 1086 788 accepta
1111 723 1226 770 tam
1253 707 1457 788 insigni
1484 712 1580 770 in-

345 801 521 884 juria,
550 813 737 858 tamen
766 794 866 855 illo
889 793 1006 873 ipso
1037 793 1126 854 die
1146 793 1263 856 misi
1277 796 1347 856 ad
1364 797 1580 857 Metel-

352 889 471 949 lum
484 903 810 948 communes
826 883 1059 954 amicos,
1085 884 1180 962 qui
1197 899 1428 961 agerent
1443 902 1579 945 cum

355 995 451 1050 e0,
474 987 539 1033 ut
552 971 623 1033 de
635 969 928 1030 illa-mente
949 967 1220 1030 desisteret
1241 991 1256 1029 ε
1281 972 1489 1050 quibus
1507 971 1579 1030 il-

356 1063 409 1124 le
425 1057 725 1142 respondit,
756 1053 852 1116 fibi
866 1076 987 1116 non
1003 1053 1108 1114 effie
1119 1058 1423 1134 integrum.
1459 1065 1578 1117 e'te-

357 1153 476 1212 nim
492 1146 659 1229 paulo
674 1158 803 1203 ante
830 1144 891 1202 in
921 1145 1195 1205 concione
1223 1145 1464 1220 dixerat,
1495 1147 1577 1221 ei,

358 1238 535 1318 quiin
552 1233 691 1293 alios
718 1229 1178 1292 animadvertiss‘et
1208 1230 1417 1292 indicia
1443 1253 1578 1292 cau·

359 1324 437 1400 sa,
452 1319 669 1382 dicendi
685 1315 783 1399 ipfi
796 1315 1118 1398 potestatem
1133 1317 1248 1379 fieri
1265 1339 1383 1378 non
1399 1339 1578 1400 opor·

359 1427 495 1474 tere.
546 1407 829 1468 hominem
859 1423 1108 1483 gravem,
1131 1422 1190 1466 et
1217 1407 1395 1466 civ'em
1417 1427 1576 1484 egre·

364 1499 550 1576 gium!
584 1495 707 1576 qui,
736 1511 846 1572 qua
868 1511 1050 1571 poena
1071 1491 1312 1568 senatus,
1337 1492 1575 1554 const-n·

366 1583 425 1646 su
442 1586 723 1645 bonorum
746 1580 1022 1656 omnium,
1046 1601 1144 1641 eos
1176 1579 1453 1657 affecerat,
1476 1583 1574 1660 qui

361 1674 553 1734 urbem
569 1666 884 1743 incendere,
893 1667 1233 1746 magistratus
1249 1689 1312 1728 ac
1327 1665 1574 1728 senatum

363 1758 656 1831 trucidare,
679 1754 880 1815 bellum
895 1758 1194 1816 maximum
1211 1756 1454 1816 conflare
1469 1776 1572 1814 vo-

364 1844 605 1918 luiffent‚
642 1841 832 1902 effidem
865 1841 1097 1918 dignum
1121 1843 1398 1921 judicaret
1424 1863 1572 1918 eum,

366 1935 463 2013 qui
485 1932 694 1991 curiam
716 1927 899 2001 caede,
925 1930 1116 1990 urbem
1138 1928 1435 2004 incendiis,
1459 1935 1572 1988 Ita-

362 2021 493 2080 liam
509 2016 651 2076 bello
667 2013 954 2075 liberass‘et.
1001 2018 1192 2098 itaque
1204 2037 1308 2094 ego
1323 2014 1570 2089 Metello,

366 2106 524 2166 fratri
546 2119 669 2178 tuo,
700 2101 992 2182 praesenti,
1017 2103 1202 2164 restiti.
1253 2123 1382 2162 narn
1413 2104 1469 2162 in
1491 2100 1569 2159 fi:-

370 2209 528 2267 natu,
550 2188 801 2251 kalendis
833 2192 1137 2266 Januariis,
1161 2187 1234 2258 fic
1263 2209 1387 2250 cum
1417 2208 1483 2249 eo
1501 2187 1570 2247 de

370 2278 647 2361 republica
677 2273 973 2356 disputavi,
1003 2292 1068 2337 ut
1089 2275 1316 2336 sentiret
1343 2274 1434 2335 fibi
1447 2283 1566 2336 cuni

369 2369 499 2429 viro
529 2365 662 2425 forti
676 2378 732 2423 et
754 2361 1032 2424 constanti
1063 2363 1168 2424 effe
1187 2361 1558 2444 pugnandum.

370 2475 424 2515 a.
458 2451 518 2512 d.
551 2452 770 2512 tertium
802 2469 944 2510 non.
992 2458 1225 2528 Januar.
1265 2469 1392 2510 cum
1421 2467 1564 2526 agere
1683 2477 1685 2504 i

368 2535 650 2618 coepisset,
678 2537 847 2598 tertio
864 2555 1090 2618 quoque
1114 2538 1289 2598 verbo
1306 2537 1562 2597 orationis
