1700 3059
332 183 457 244 280
526 183 671 240 AD·
713 181 1312 242 FAMILIARES

320 297 511 342 'ratum
526 284 633 341 tria
648 281 847 341 millia?
873 297 967 341 aut
983 299 1261 342 armatura
1277 284 1442 343 varia
1455 303 1554 365 pe·

324 367 533 428 ditatus
549 385 602 428 et
616 371 894 448 equitatus
905 371 964 428 in
982 368 1162 450 aliqua
1179 372 1554 450 pugna3quae

323 454 641 536 popularem
660 455 1081 516 admirationem
1097 457 1442 532 habuerunt,
1453 459 1551 516 de-

322 541 671 600 lestationem
686 543 784 600 tibi
802 541 1008 600 nullam
1025 541 1352 601 atmliffent.
1389 543 1550 622 quod

321 625 362 687 fi
378 644 434 686 tu
451 649 552 707 per
564 647 659 686 eos
677 628 794 687 dies
811 649 1034 707 operam
1058 628 1246 688 dedisti
1265 637 1548 708 Protoge-

320 714 383 774 ni
399 729 523 791 tuo,
547 713 852 774 dummodo
873 717 922 772 is
945 717 1046 774 tibi
1069 715 1296 794 quidvis
1321 718 1548 796 potiuS,

318 821 489 881 quam
526 803 813 860 orationes
850 819 1000 860 meas
1037 801 1231 880 legerit
1251 823 1270 874 ς
1323 823 1435 863 nae
1475 820 1544 863 tn

314 887 462 948 haud
492 887 659 969 paulo
692 887 843 968 plus,
873 907 1040 966 quam
1073 888 1366 968 quisquam
1404 889 1542 950 nos-

316 976 494 1050 trum,
525 973 906 1034 delcetationk,
936 974 1182 1035 habuisti.
1228 995 1354 1036 non
1381 980 1540 1040 enim

314 1075 373 1120 te
386 1079 523 1144 puto
540 1069 810 1137 Graecos,
832 1075 929 1121 aut
951 1060 1127 1122 Oscos
1140 1061 1310 1122 ludos
1325 1062 1538 1125 defide-

314 1147 481 1209 rass'e:
506 1146 820 1231 praesertim
834 1169 961 1208 cum
979 1149 1152 1210 Oscos
1175 1149 1342 1209 ludos
1357 1150 1454 1210 vel
1469 1153 1534 1212 in

308 1233 503 1295 senatu
520 1234 711 1296 nostro
727 1233 963 1316 specstare
979 1235 1160 1315 poffis:
1181 1241 1432 1296 Graecos
1450 1239 1534 1300 ita

314 1341 435 1381 non
453 1341 623 1396 ameS,
646 1338 711 1380 ut
728 1342 798 1380 ne
812 1321 881 1381 ad
897 1322 1086 1382 villam
1113 1322 1338 1402 quidem
1372 1340 1531 1386 tuam

312 1409 408 1468 via
438 1409 649 1468 Graeci
672 1409 751 1467 ire
784 1407 980 1468 soleas,
1027 1429 1154 1469 nam
1179 1409 1314 1490 quid
1337 1431 1448 1486 ego
1471 1427 1532 1471 te

308 1495 540 1555 athletas
573 1511 757 1575 putem
780 1493 1102 1571 desiderare,
1125 1499 1223 1576 qui
1246 1497 1527 1574 gladiato·

308 1603 399 1642 res
430 1579 864 1662 contempseris?
891 1584 950 1642 in
982 1584 1186 1662 quibus
1218 1581 1330 1662 ipse
1354 1590 1526 1645 Pom·

306 1672 465 1750 peius
498 1667 793 1729 confitetur
824 1667 878 1727 se
905 1683 960 1728 et
991 1689 1216 1748 operam
1246 1684 1304 1727 et
1333 1669 1528 1733 oleum

306 1755 614 1835 perdidisse.
660 1755 904 1835 reliquae
923 1753 1052 1814 sunt
1073 1757 1404 1815 venationes
1435 1760 1522 1817 bi-

308 1863 414 1901 nae
430 1862 527 1921 per
541 1843 656 1900 dies
681 1845 950 1921 quiuque,
981 1841 1325 1920 magnificae,
1347 1863 1522 1904 nemo

304 1943 471 2005 negat
484 1950 501 1986 t
528 1925 618 1988 sed
637 1949 777 2007 quae
791 1927 968 2007 potest
983 1930 1196 1987 homini
1215 1925 1320 1986 esse
1333 1930 1522 2005 polito

300 2014 616 2089 ἀεῖεᾶαῐῐο,
652 2035 776 2072 cum
806 2030 900 2073 aut
938 2017 1110 2074 homo
1146 2013 1456 2076 imbecillus
1485 2037 1520 2076 a

300 2101 659 2162 valentissima
678 2099 843 2160 bestia
864 2099 1126 2176 laniatur,
1155 2116 1250 2158 aut
1271 2103 1517 2180 praecla-

296 2209 359 2248 ra
372 2185 534 2247 bestia
550 2187 825 2246 venabulo
846 2186 1344 2247 transverberatur?
1370 2208 1512 2268 quae

296 2289 509 2347 tamen,
529 2271 568 2332 fi
584 2272 822 2332 videnda
838 2271 986 2348 sunt,
1010 2273 1164 2354 saepe
1177 2273 1388 2333 vidisti:
1407 2295 1512 2334 ne·

294 2381 405 2440 que
420 2380 526 2420 nos
531 2360 649 2439 ‚qui
664 2362 795 2418 haec
811 2358 1190 2439 speetavimu3‚
1205 2359 1508 2438 quidquam

293 2449 433 2506 novi
464 2445 725 2506 vidimus.
780 2460 1062 2505 extremus
1085 2446 1506 2525 elephantorum

289 2531 405 2589 dies
428 2531 559 2609 fiait,
586 2533 647 2598 in
668 2551 785 2612 quo
814 2530 1108 2592 admiratio
1127 2551 1326 2610 magua
1349 2532 1504 2612 vulgi
