1700 3059
450 177 777 241 El’ts'r.
830 192 967 240 nn.
1005 192 1168 239 vin.
1265 198 1384 259 335

181 304 313 348 mea
342 298 515 363 porro
545 282 768 342 comitia
798 298 963 361 quem
993 298 1252 343 eventurn
1285 286 1394 347 fin't

182 372 473 439 habitura,
513 364 718 428 nescio.
782 370 1108 449 opinionem
1145 370 1390 448 quidem,

186 456 347 535 quod
378 453 447 513 ad
471 456 698 513 Hirrum
729 456 962 525 attinet;
997 456 1394 534 incredibilem,

188 540 447 601 aedilium
465 540 635 618 plebis
652 540 890 598 comitiis
909 542 1064 599 natta
1086 538 1229 599 sunt.
1265 561 1393 605 nam

190 630 285 687 M.
312 624 557 685 Caelium
584 626 940 685 Vinicianum
972 627 1182 683 mentio
1206 626 1296 685 illa
1311 628 1393 687 fa·

191 726 316 785 tua,
337 728 501 789 quam
518 709 872 769 deriseramus
896 710 1052 784 olim,
1076 725 1131 769 et
1147 712 1395 790 promul-

191 798 347 876 gatio
378 794 445 855 de
466 795 728 855 dictatore
759 794 935 855 subito
963 794 1184 873 dejecit,
1219 812 1272 855 et
1301 796 1396 857 de-

182 884 396 963 jec‘rum
420 900 623 959 magno
648 882 884 943 clamore
903 879 1142 940 insecuta
1165 880 1259 943 est.
1306 885 1408 964 ἱιι·θ

192 968 267 1028 de
291 969 517 1027 Hirrum
542 968 724 1027 cuneii
741 968 881 1044 jam,
913 986 1032 1025 non
1063 964 1396 1047 faciendum,

192 1055 461 1129 flagitare.
511 1050 665 1131 spero
698 1068 753 1111 te
782 1052 1027 1110 celeriter
1055 1066 1110 1110 et
1134 1052 1201 1111 de
1229 1058 1398 1113 nobis

194 1137 354 1221 quod
380 1134 616 1217 sperasti,
646 1152 702 1195 et
738 1136 807 1195 de
835 1136 932 1195 illo
969 1135 1120 1217 quod
1151 1139 1249 1197 vix
1280 1137 1402 1219 spe-

198 1242 321 1284 rare
349 1222 506 1282 ausus
537 1243 617 1296 es»,
642 1222 976 1282 auditurum.
1026 1223 1094 1281 de
1124 1224 1400 1303 republica

190 1310 315 1388 jam
344 1310 479 1369 novi
522 1308 823 1387 quidquam
854 1312 1135 1387 expectare
1171 1308 1399 1369 desiera-

199 1413 346 1456 mus.
364 1392 467 1453 -sed
482 1412 603 1453 cum
621 1392 841 1452 senatus
858 1395 1072 1453 habitus
1089 1393 1218 1453 ess'e‘t
1233 1394 1301 1454 ad
1320 1402 1399 1454 A·

196 1481 448 1562 pollinis,
471 1500 522 1539 a.
540 1480 597 1539 d.
616 1500 689 1541 xx
708 1524 722 1539 .
739 1478 852 1538 kal.
877 1486 1024 1539 Sext.
1044 1493 1099 1538 et
1117 1479 1403 1540 referretur

200 1567 271 1627 de
301 1564 569 1647 stipendio
602 1572 711 1624 Cn.
734 1567 1002 1643 Pompeii,
1026 1568 1238 1624 mentio
1261 1564 1402 1626 facta

199 1650 279 1711 est
311 1652 379 1710 de
413 1651 630 1729 legione
651 1670 734 1725 ea,
758 1670 922 1728 quam
954 1649 1248 1731 expensam
1274 1653 1403 1711 tulit

202 1744 275 1796 C.
294 1733 507 1795 Caesari
524 1738 841 1816 Pompeius,
874 1754 988 1814 quo
1007 1756 1236 1795 numero
1253 1735 1404 1812 esset,

200 1844 318 1902 quo
342 1837 709 1901 appeteretur=
734 1842 860 1880 cum
890 1842 962 1880 ex
987 1821 1165 1880 Gallia
1185 1827 1403 1881 coactus

201 1906 329 1967 efflet
344 1908 525 1967 dicere
541 1908 830 1986 Pompeius
847 1905 899 1965 se
920 1905 1188 1983 legionem
1203 1907 1405 1967 abduc-

204 2008 411 2065 turum,
434 1991 523 2051 sed
538 2012 656 2063 non
675 1992 847 2050 statim
866 1990 962 2051 sub
977 1994 1337 2067 mentionem,
1349 2006 1406 2053 et

205 2078 522 2139 convicium
538 2076 988 2137 obtrectatorum.⁸
1021 2075 1150 2136 inde
1167 2079 1406 2137 interro·

203 2179 366 2242 gatus
383 2165 448 2221 de
464 2162 784 2224 succeffione
808 2168 876 2221 C.
897 2160 1167 2221 Caesaris:
1192 2162 1260 2221 de
1273 2182 1406 2241 qua,

204 2253 315 2310 hoc
347 2246 440 2324 est3
474 2248 541 2307 de
565 2250 891 2329 provinciis,
924 2248 1183 2327 placitum
1215 2246 1311 2322 est,
1343 2262 1408 2308 ut

205 2354 369 2415 quam
387 2336 618 2413 primum
631 2334 697 2393 ad
715 2336 902 2392 urbem
917 2346 1276 2393 reverteretur
1292 2338 1403 2395 Cn.

205 2424 528 2499 Pompeius:
576 2435 638 2479 ut
675 2440 863 2479 coram
891 2440 959 2478 eo
996 2419 1064 2478 de
1087 2416 1408 2479 successione

204 2506 613 2589 provinciarum
636 2520 905 2585 ageretur.
951 2523 1081 2567 nam
1095 2506 1409 2567 Ariminum
