1700 3059
145 2293 176 2340 3

476 163 802 222 EPIST.
855 177 996 222 nn.
1033 177 1138 223 ιν.
1295 169 1410 234 137

204 257 399 322 cursus
416 280 621 335 rerum,
644 262 741 340 qui
756 261 944 322 exitus
959 260 1178 321 futurus
1191 256 1276 320 fit.
1321 278 1416 318 er·

204 367 285 425 go
312 363 411 408 aut
437 349 672 427 probare
700 363 928 428 oportet
955 368 1040 421 ea,
1064 367 1206 428 quae
1237 345 1412 406 fiuntt

204 449 302 492 aut
324 432 597 508 intercise,
624 431 827 494 etiamfi
859 455 980 494 non
1011 436 1242 514 probes:
1269 453 1415 514 quo-

203 540 330 580 rum
353 519 524 579 altera
544 521 679 580 mihi
703 521 905 600 turpis,
927 520 1096 581 altera
1123 523 1288 580 etiam
1311 541 1413 599 pe·

201 604 435 666 riculosa
464 607 608 666 ratio
638 606 880 668 videtur.
928 607 1108 682 restat,
1145 623 1210 667 ut
1238 604 1410 668 disoe-

198 692 447 754 dendum
474 708 663 772 putem
689 715 706 752 z
730 695 791 752 in
814 712 932 773 quo
955 695 1164 775 reliqua
1191 692 1413 754 videtur

198 777 305 840 effi:
318 778 659 860 deliberatio,
676 780 829 858 quod
843 779 1128 842 confilium
1143 782 1206 840 in
1219 777 1413 841 disces-

198 864 283 940 su,
322 885 465 944 quae
491 865 617 926 loca
646 863 955 945 sequamur.
1013 867 1252 928 omnino
1281 887 1412 928 cum

196 950 449 1014 miserior
464 973 555 1011 res
570 971 858 1032 nunquam
875 952 1214 1029 accidit,tum
1228 973 1300 1013 ne
1314 953 1414 1013 de-

196 1039 455 1100 liberatio
485 1038 709 1119 quidem
744 1037 1045 1100 difficilior.
1090 1037 1232 1099 nihil
1260 1041 1416 1102 enim

201 1123 465 1188 constitui
495 1122 692 1206 potest,
736 1123 896 1205 quod
920 1145 1042 1185 non
1069 1127 1317 1188 incurrat
1345 1128 1414 1188 in

204 1232 463 1290 magnam
478 1211 719 1291 aliquam
734 1211 1130 1273 difficultatem.
1161 1229 1245 1287 tu,
1268 1211 1308 1272 fi
1323 1215 1416 1274 vi-

204 1297 445 1372 debitur,
460 1299 539 1356 ita
552 1295 747 1358 censeo
762 1297 932 1358 facias
947 1321 963 1359 ε
979 1297 1102 1375 ut,fi
1118 1300 1416 1378 habesjam

206 1383 487 1459 statutum,
524 1384 659 1464 quid
695 1386 795 1445 tibi
825 1384 1099 1462 agendum
1127 1401 1311 1466 putes,
1346 1388 1414 1448 in

206 1491 323 1550 quo
338 1491 455 1532 non
474 1469 539 1530 fit
559 1472 920 1549 conjunetum
943 1471 1230 1533 confilium
1254 1489 1416 1534 tuum

206 1579 332 1618 cum
364 1577 513 1633 meo,
536 1555 874 1638 supersedeas
905 1561 1014 1618 hoc
1035 1558 1226 1618 labore
1247 1561 1414 1620 itine-

199 1646 305 1706 ris.
352 1643 431 1704 fin
448 1659 629 1704 autem
650 1642 723 1704 est
745 1642 898 1724 quod
919 1663 1130 1704 mecum
1163 1666 1416 1706 commu-

203 1733 393 1790 nicare
405 1729 567 1806 velie,
590 1750 695 1807 ego
710 1745 767 1788 te
782 1730 1104 1810 expediabo.
1151 1745 1238 1806 tu,
1260 1729 1418 1810 quod

205 1832 307 1876 tuo
323 1817 619 1878 commodo
651 1815 768 1890 fiat,
792 1836 962 1896 quam
986 1819 1224 1898 primum
1246 1819 1416 1878 velim

205 1906 419 1978 venias,
443 1902 577 1964 ficut
600 1903 849 1964 intellexi
871 1918 930 1964 et
941 1905 1134 1966 Servio
1149 1918 1208 1964 et
1222 1902 1416 1968 Postu·

204 1992 347 2051 miae
367 1992 603 2071 placere.
651 1990 793 2052 vale.

309 2183 388 2225 M.
416 2184 481 2225 τ.
510 2183 569 2224 e.
614 2182 767 2226 sER.
800 2183 1126 2226 SULl’Iclo
1157 2186 1208 2228 s.
1241 2184 1312 2228 n.

286 2255 659 2312 Vehementer
687 2267 743 2310 te
775 2249 880 2310 effe
911 2248 1229 2328 sollicitum,
1265 2267 1324 2312 et
1349 2252 1422 2312 itt

202 2340 591 2398 communibus
608 2335 835 2400 miseriis
861 2341 1154 2418 praecipuo
1165 2339 1430 2418 quodam.

200 2423 398 2486 dolore
418 2427 571 2503 angi,
605 2425 768 2484 multi
791 2423 860 2484 ad
879 2445 988 2484 nos
1003 2425 1251 2504 quotidie
1265 2423 1418 2483 defe-

203 2527 359 2580 runt.
420 2508 577 2598 quod
608 2530 943 2596 quanquam
961 2511 1186 2574 minime
1221 2512 1430 2590 miror,
1499 2542 1512 2557 ι
