<?xml version="1.0" encoding="UTF-8"?>
<!DOCTYPE html PUBLIC "-//W3C//DTD XHTML 1.0 Transitional//EN"
    "http://www.w3.org/TR/xhtml1/DTD/xhtml1-transitional.dtd">
<html xmlns="http://www.w3.org/1999/xhtml" xml:lang="en" lang="en">
 <head>
  <title>
</title>
<meta http-equiv="Content-Type" content="text/html;charset=utf-8" />
  <meta name='ocr-system' content='tesseract 3.04.00' />
  <meta name='ocr-capabilities' content='ocr_page ocr_carea ocr_par ocr_line ocrx_word'/>
</head>
<body>
  <div class='ocr_page' id='page_1' title='image "./mtulliiciceroni10unkngoog/mtulliiciceroni10unkngoog_0141.png"; bbox 0 0 1700 3059; ppageno 0'>
   <div class='ocr_carea' id='block_1_1' title="bbox 456 189 1396 269">
    <p class='ocr_par' dir='ltr' id='par_1_1' title="bbox 456 189 1396 269">
     <span class='ocr_line' id='line_1_1' title="bbox 456 189 1396 269; baseline 0.007 -23"><span class='ocrx_word' id='word_1_1' title='bbox 456 189 571 247; x_wconf 79' lang='grc' dir='ltr'>ΕΡ</span> <span class='ocrx_word' id='word_1_2' title='bbox 598 189 787 248; x_wconf 87' lang='lat' dir='ltr'>IST.</span> <span class='ocrx_word' id='word_1_3' title='bbox 840 202 1140 248; x_wconf 63' lang='lat' dir='ltr'>umut-</span> <span class='ocrx_word' id='word_1_4' title='bbox 1283 201 1396 269; x_wconf 66' lang='lat'>131</span> 
     </span>
    </p>
   </div>
   <div class='ocr_carea' id='block_1_2' title="bbox 106 388 1408 2698">
    <p class='ocr_par' dir='ltr' id='par_1_2' title="bbox 106 388 1408 2698">
     <span class='ocr_line' id='line_1_2' title="bbox 228 388 1379 439; baseline 0.003 -4"><span class='ocrx_word' id='word_1_5' title='bbox 228 389 303 436; x_wconf 70' lang='grc' dir='ltr'>Μ.</span> <span class='ocrx_word' id='word_1_6' title='bbox 332 391 401 433; x_wconf 80' lang='grc' dir='ltr'>τ.</span> <span class='ocrx_word' id='word_1_7' title='bbox 428 388 488 433; x_wconf 82' lang='lat' dir='ltr'>e.</span> <span class='ocrx_word' id='word_1_8' title='bbox 524 388 735 434; x_wconf 70' lang='grc' dir='ltr'><strong>Διἰηο</strong></span> <span class='ocrx_word' id='word_1_9' title='bbox 766 391 1105 437; x_wconf 69' lang='grc' dir='ltr'>ι’σιοκιιο</span> <span class='ocrx_word' id='word_1_10' title='bbox 1137 396 1192 438; x_wconf 79' lang='grc' dir='ltr'>ε.</span> <span class='ocrx_word' id='word_1_11' title='bbox 1219 395 1280 438; x_wconf 72' lang='grc' dir='ltr'>Ρ.</span> <span class='ocrx_word' id='word_1_12' title='bbox 1311 395 1379 439; x_wconf 80' lang='lat' dir='ltr'>n.</span> 
     </span>
     <span class='ocr_line' id='line_1_3' title="bbox 106 449 1407 538; baseline 0.008 -21"><span class='ocrx_word' id='word_1_13' title='bbox 106 449 163 496; x_wconf 82' lang='lat'>¹3</span> <span class='ocrx_word' id='word_1_14' title='bbox 282 457 449 536; x_wconf 72' lang='lat' dir='ltr'>Quasi</span> <span class='ocrx_word' id='word_1_15' title='bbox 472 458 806 538; x_wconf 76' lang='lat' dir='ltr'>divinarem,</span> <span class='ocrx_word' id='word_1_16' title='bbox 843 461 942 522; x_wconf 72' lang='lat' dir='ltr'>tali</span> <span class='ocrx_word' id='word_1_17' title='bbox 971 464 1034 523; x_wconf 84' lang='lat' dir='ltr'>in</span> <span class='ocrx_word' id='word_1_18' title='bbox 1064 463 1252 525; x_wconf 80' lang='lat' dir='ltr'>officio</span> <span class='ocrx_word' id='word_1_19' title='bbox 1281 463 1407 527; x_wconf 84' lang='lat' dir='ltr'>fore</span> 
     </span>
     <span class='ocr_line' id='line_1_4' title="bbox 184 546 1404 629; baseline 0.004 -20"><span class='ocrx_word' id='word_1_20' title='bbox 184 549 333 609; x_wconf 83' lang='lat' dir='ltr'>mihi</span> <span class='ocrx_word' id='word_1_21' title='bbox 348 546 649 628; x_wconf 81' lang='lat' dir='ltr'>aliquando</span> <span class='ocrx_word' id='word_1_22' title='bbox 674 549 1042 629; x_wconf 82' lang='lat' dir='ltr'>expetendum</span> <span class='ocrx_word' id='word_1_23' title='bbox 1063 548 1296 613; x_wconf 83' lang='lat' dir='ltr'>studium</span> <span class='ocrx_word' id='word_1_24' title='bbox 1311 568 1404 614; x_wconf 81' lang='lat' dir='ltr'>tu·</span> 
     </span>
     <span class='ocr_line' id='line_1_5' title="bbox 188 631 1406 718; baseline 0.007 -24"><span class='ocrx_word' id='word_1_25' title='bbox 188 655 315 711; x_wconf 73' lang='lat' dir='ltr'>um,</span> <span class='ocrx_word' id='word_1_26' title='bbox 336 631 430 710; x_wconf 82' lang='lat' dir='ltr'>fic,</span> <span class='ocrx_word' id='word_1_27' title='bbox 454 653 581 695; x_wconf 79' lang='lat' dir='ltr'>cnm</span> <span class='ocrx_word' id='word_1_28' title='bbox 608 634 679 696; x_wconf 88' lang='lat' dir='ltr'>de</span> <span class='ocrx_word' id='word_1_29' title='bbox 707 637 819 696; x_wconf 83' lang='lat' dir='ltr'>tuis</span> <span class='ocrx_word' id='word_1_30' title='bbox 840 639 1006 698; x_wconf 74' lang='lat' dir='ltr'>rebus</span> <span class='ocrx_word' id='word_1_31' title='bbox 1029 637 1188 718; x_wconf 78' lang='lat' dir='ltr'>gestis</span> <span class='ocrx_word' id='word_1_32' title='bbox 1205 642 1406 718; x_wconf 73' lang='lat' dir='ltr'>ageba-</span> 
     </span>
     <span class='ocr_line' id='line_1_6' title="bbox 186 719 1406 798; baseline 0.006 -17"><span class='ocrx_word' id='word_1_33' title='bbox 186 737 312 798; x_wconf 72' lang='lat' dir='ltr'>tur,</span> <span class='ocrx_word' id='word_1_34' title='bbox 334 719 693 783; x_wconf 71' lang='lat' dir='ltr'>inserviebam</span> <span class='ocrx_word' id='word_1_35' title='bbox 720 719 928 784; x_wconf 72' lang='lat' dir='ltr'>honori</span> <span class='ocrx_word' id='word_1_36' title='bbox 958 739 1081 787; x_wconf 83' lang='lat' dir='ltr'>tuo.</span> <span class='ocrx_word' id='word_1_37' title='bbox 1127 726 1302 786; x_wconf 81' lang='lat' dir='ltr'>dicam</span> <span class='ocrx_word' id='word_1_38' title='bbox 1319 743 1406 788; x_wconf 88' lang='lat' dir='ltr'>ta-</span> 
     </span>
     <span class='ocr_line' id='line_1_7' title="bbox 157 809 1406 896; baseline 0.004 -26"><span class='ocrx_word' id='word_1_39' title='bbox 157 829 325 870; x_wconf 83' lang='lat' dir='ltr'>·men</span> <span class='ocrx_word' id='word_1_40' title='bbox 357 827 514 885; x_wconf 77' lang='lat' dir='ltr'>vere3</span> <span class='ocrx_word' id='word_1_41' title='bbox 542 809 665 891; x_wconf 76' lang='lat' dir='ltr'>plus</span> <span class='ocrx_word' id='word_1_42' title='bbox 692 831 860 890; x_wconf 85' lang='lat' dir='ltr'>quam</span> <span class='ocrx_word' id='word_1_43' title='bbox 889 831 1198 896; x_wconf 76' lang='lat' dir='ltr'>acceperas,</span> <span class='ocrx_word' id='word_1_44' title='bbox 1221 813 1406 875; x_wconf 83' lang='lat' dir='ltr'>reddi·</span> 
     </span>
     <span class='ocr_line' id='line_1_8' title="bbox 187 895 1406 981; baseline 0.003 -24"><span class='ocrx_word' id='word_1_45' title='bbox 187 895 336 958; x_wconf 86' lang='lat' dir='ltr'>disti.</span> <span class='ocrx_word' id='word_1_46' title='bbox 384 899 511 977; x_wconf 76' lang='lat' dir='ltr'>quis</span> <span class='ocrx_word' id='word_1_47' title='bbox 539 901 692 958; x_wconf 88' lang='lat' dir='ltr'>enim</span> <span class='ocrx_word' id='word_1_48' title='bbox 716 898 785 957; x_wconf 88' lang='lat' dir='ltr'>ad</span> <span class='ocrx_word' id='word_1_49' title='bbox 808 917 897 959; x_wconf 85' lang='lat' dir='ltr'>me</span> <span class='ocrx_word' id='word_1_50' title='bbox 927 919 1048 960; x_wconf 80' lang='lat' dir='ltr'>non</span> <span class='ocrx_word' id='word_1_51' title='bbox 1075 899 1406 981; x_wconf 84' lang='lat' dir='ltr'>perscripfit,</span> 
     </span>
     <span class='ocr_line' id='line_1_9' title="bbox 186 981 1408 1064; baseline 0.004 -19"><span class='ocrx_word' id='word_1_52' title='bbox 186 999 250 1045; x_wconf 82' lang='lat' dir='ltr'>te</span> <span class='ocrx_word' id='word_1_53' title='bbox 264 1003 385 1044; x_wconf 77' lang='lat' dir='ltr'>non</span> <span class='ocrx_word' id='word_1_54' title='bbox 406 981 582 1046; x_wconf 83' lang='lat' dir='ltr'>solum</span> <span class='ocrx_word' id='word_1_55' title='bbox 611 987 934 1046; x_wconf 60' lang='lat' dir='ltr'>auctoritate</span> <span class='ocrx_word' id='word_1_56' title='bbox 955 988 1255 1064; x_wconf 76' lang='lat' dir='ltr'>orationis,</span> <span class='ocrx_word' id='word_1_57' title='bbox 1283 987 1408 1049; x_wconf 84' lang='lat' dir='ltr'>sen-</span> 
     </span>
     <span class='ocr_line' id='line_1_10' title="bbox 178 1073 1407 1151; baseline 0.003 -19"><span class='ocrx_word' id='word_1_58' title='bbox 178 1074 369 1132; x_wconf 76' lang='lat' dir='ltr'>tentia</span> <span class='ocrx_word' id='word_1_59' title='bbox 382 1087 500 1148; x_wconf 85' lang='lat' dir='ltr'>tua,</span> <span class='ocrx_word' id='word_1_60' title='bbox 522 1073 725 1151; x_wconf 74' lang='lat' dir='ltr'>quibus</span> <span class='ocrx_word' id='word_1_61' title='bbox 744 1093 854 1151; x_wconf 83' lang='lat' dir='ltr'>ego</span> <span class='ocrx_word' id='word_1_62' title='bbox 868 1094 903 1132; x_wconf 87' lang='lat' dir='ltr'>a</span> <span class='ocrx_word' id='word_1_63' title='bbox 917 1073 1012 1134; x_wconf 79' lang='lat' dir='ltr'>tali</span> <span class='ocrx_word' id='word_1_64' title='bbox 1026 1076 1151 1134; x_wconf 83' lang='lat' dir='ltr'>viro</span> <span class='ocrx_word' id='word_1_65' title='bbox 1169 1089 1407 1136; x_wconf 80' lang='lat' dir='ltr'>conten-</span> 
     </span>
     <span class='ocr_line' id='line_1_11' title="bbox 175 1157 1407 1240; baseline 0.003 -22"><span class='ocrx_word' id='word_1_66' title='bbox 175 1173 285 1218; x_wconf 70' lang='lat' dir='ltr'>tus</span> <span class='ocrx_word' id='word_1_67' title='bbox 308 1178 479 1234; x_wconf 84' lang='lat' dir='ltr'>eram,</span> <span class='ocrx_word' id='word_1_68' title='bbox 504 1157 595 1219; x_wconf 83' lang='lat' dir='ltr'>sed</span> <span class='ocrx_word' id='word_1_69' title='bbox 622 1161 791 1220; x_wconf 78' lang='lat' dir='ltr'>etiam</span> <span class='ocrx_word' id='word_1_70' title='bbox 808 1162 1003 1240; x_wconf 61' lang='lat' dir='ltr'>open-35</span> <span class='ocrx_word' id='word_1_71' title='bbox 1023 1159 1280 1238; x_wconf 73' lang='lat' dir='ltr'>consilio,</span> <span class='ocrx_word' id='word_1_72' title='bbox 1301 1161 1407 1222; x_wconf 88' lang='lat' dir='ltr'>do-</span> 
     </span>
     <span class='ocr_line' id='line_1_12' title="bbox 186 1245 1407 1324; baseline 0.003 -18"><span class='ocrx_word' id='word_1_73' title='bbox 186 1255 345 1306; x_wconf 83' lang='lat' dir='ltr'>mu&#39;m</span> <span class='ocrx_word' id='word_1_74' title='bbox 360 1245 661 1320; x_wconf 88' lang='lat' dir='ltr'>veniendo,</span> <span class='ocrx_word' id='word_1_75' title='bbox 676 1248 1080 1308; x_wconf 84' lang='lat' dir='ltr'>conveniendis</span> <span class='ocrx_word' id='word_1_76' title='bbox 1096 1251 1258 1324; x_wconf 84' lang='lat' dir='ltr'>meis,</span> <span class='ocrx_word' id='word_1_77' title='bbox 1273 1249 1407 1310; x_wconf 80' lang='lat' dir='ltr'><strong>nul·</strong></span> 
     </span>
     <span class='ocr_line' id='line_1_13' title="bbox 114 1329 1404 1416; baseline 0.003 -22"><span class='ocrx_word' id='word_1_78' title='bbox 114 1386 123 1394; x_wconf 93' lang='lat'><strong>.</strong></span> <span class='ocrx_word' id='word_1_79' title='bbox 186 1329 311 1392; x_wconf 67' lang='lat' dir='ltr'>lum</span> <span class='ocrx_word' id='word_1_80' title='bbox 326 1353 538 1392; x_wconf 81' lang='lat' dir='ltr'>munus</span> <span class='ocrx_word' id='word_1_81' title='bbox 562 1331 735 1393; x_wconf 88' lang='lat' dir='ltr'>officii</span> <span class='ocrx_word' id='word_1_82' title='bbox 755 1336 1014 1413; x_wconf 85' lang='lat' dir='ltr'>cuiquam</span> <span class='ocrx_word' id='word_1_83' title='bbox 1038 1336 1309 1416; x_wconf 88' lang='lat' dir='ltr'>reliquum</span> <span class='ocrx_word' id='word_1_84' title='bbox 1322 1336 1404 1398; x_wconf 87' lang='lat' dir='ltr'>fe-</span> 
     </span>
     <span class='ocr_line' id='line_1_14' title="bbox 188 1415 1404 1502; baseline 0.003 -23"><span class='ocrx_word' id='word_1_85' title='bbox 188 1415 360 1498; x_wconf 68' lang='lat' dir='ltr'>cisse?</span> <span class='ocrx_word' id='word_1_86' title='bbox 400 1421 531 1480; x_wconf 87' lang='lat' dir='ltr'>haec</span> <span class='ocrx_word' id='word_1_87' title='bbox 572 1420 707 1480; x_wconf 84' lang='lat' dir='ltr'>mihi</span> <span class='ocrx_word' id='word_1_88' title='bbox 736 1421 1005 1502; x_wconf 87' lang='lat' dir='ltr'>ampliora</span> <span class='ocrx_word' id='word_1_89' title='bbox 1033 1420 1213 1483; x_wconf 87' lang='lat' dir='ltr'>multo</span> <span class='ocrx_word' id='word_1_90' title='bbox 1243 1421 1404 1502; x_wconf 82' lang='lat' dir='ltr'>sunt,</span> 
     </span>
     <span class='ocr_line' id='line_1_15' title="bbox 196 1503 1402 1589; baseline 0.004 -23"><span class='ocrx_word' id='word_1_91' title='bbox 196 1524 365 1586; x_wconf 82' lang='lat' dir='ltr'>quam</span> <span class='ocrx_word' id='word_1_92' title='bbox 394 1505 490 1566; x_wconf 89' lang='lat' dir='ltr'>illa</span> <span class='ocrx_word' id='word_1_93' title='bbox 520 1503 633 1588; x_wconf 86' lang='lat' dir='ltr'>ipsa</span> <span class='ocrx_word' id='word_1_94' title='bbox 661 1522 891 1588; x_wconf 86' lang='lat' dir='ltr'>propter</span> <span class='ocrx_word' id='word_1_95' title='bbox 911 1529 1054 1589; x_wconf 87' lang='lat' dir='ltr'>quae</span> <span class='ocrx_word' id='word_1_96' title='bbox 1081 1511 1214 1570; x_wconf 86' lang='lat' dir='ltr'>haec</span> <span class='ocrx_word' id='word_1_97' title='bbox 1243 1510 1402 1571; x_wconf 84' lang='lat' dir='ltr'>labo·</span> 
     </span>
     <span class='ocr_line' id='line_1_16' title="bbox 192 1591 1407 1672; baseline 0.003 -19"><span class='ocrx_word' id='word_1_98' title='bbox 192 1591 645 1672; x_wconf 79' lang='lat' dir='ltr'>rantur.infignia</span> <span class='ocrx_word' id='word_1_99' title='bbox 656 1595 808 1653; x_wconf 88' lang='lat' dir='ltr'>enim</span> <span class='ocrx_word' id='word_1_100' title='bbox 822 1597 1048 1654; x_wconf 81' lang='lat' dir='ltr'>virtutis</span> <span class='ocrx_word' id='word_1_101' title='bbox 1062 1594 1221 1654; x_wconf 87' lang='lat' dir='ltr'>multi</span> <span class='ocrx_word' id='word_1_102' title='bbox 1235 1598 1407 1657; x_wconf 85' lang='lat' dir='ltr'>etiam</span> 
     </span>
     <span class='ocr_line' id='line_1_17' title="bbox 190 1674 1408 1756; baseline 0.002 -17"><span class='ocrx_word' id='word_1_103' title='bbox 190 1677 308 1740; x_wconf 76' lang='lat' dir='ltr'>fine</span> <span class='ocrx_word' id='word_1_104' title='bbox 332 1680 543 1741; x_wconf 82' lang='lat' dir='ltr'>virtute</span> <span class='ocrx_word' id='word_1_105' title='bbox 570 1674 789 1740; x_wconf 82' lang='lat' dir='ltr'>affecuti</span> <span class='ocrx_word' id='word_1_106' title='bbox 818 1678 979 1756; x_wconf 80' lang='lat' dir='ltr'>sunt3</span> <span class='ocrx_word' id='word_1_107' title='bbox 1026 1680 1222 1741; x_wconf 82' lang='lat' dir='ltr'>talium</span> <span class='ocrx_word' id='word_1_108' title='bbox 1251 1684 1408 1742; x_wconf 86' lang='lat' dir='ltr'>viro-</span> 
     </span>
     <span class='ocr_line' id='line_1_18' title="bbox 191 1759 1405 1851; baseline 0 -23"><span class='ocrx_word' id='word_1_109' title='bbox 191 1787 321 1828; x_wconf 86' lang='lat' dir='ltr'>rum</span> <span class='ocrx_word' id='word_1_110' title='bbox 351 1781 507 1827; x_wconf 82' lang='lat' dir='ltr'>tanta</span> <span class='ocrx_word' id='word_1_111' title='bbox 526 1765 701 1828; x_wconf 83' lang='lat' dir='ltr'>studia</span> <span class='ocrx_word' id='word_1_112' title='bbox 730 1759 936 1848; x_wconf 79' lang='lat' dir='ltr'>affequi</span> <span class='ocrx_word' id='word_1_113' title='bbox 965 1766 1079 1827; x_wconf 86' lang='lat' dir='ltr'>sola</span> <span class='ocrx_word' id='word_1_114' title='bbox 1098 1769 1276 1828; x_wconf 80' lang='lat' dir='ltr'>virtus</span> <span class='ocrx_word' id='word_1_115' title='bbox 1298 1789 1405 1851; x_wconf 89' lang='lat' dir='ltr'>po·</span> 
     </span>
     <span class='ocr_line' id='line_1_19' title="bbox 190 1851 1406 1934; baseline 0.002 -20"><span class='ocrx_word' id='word_1_116' title='bbox 190 1851 316 1914; x_wconf 78' lang='lat' dir='ltr'>test.</span> <span class='ocrx_word' id='word_1_117' title='bbox 363 1854 549 1934; x_wconf 80' lang='lat' dir='ltr'>itaque</span> <span class='ocrx_word' id='word_1_118' title='bbox 570 1854 705 1914; x_wconf 81' lang='lat' dir='ltr'>mihi</span> <span class='ocrx_word' id='word_1_119' title='bbox 729 1875 990 1934; x_wconf 88' lang='lat' dir='ltr'>propono</span> <span class='ocrx_word' id='word_1_120' title='bbox 1014 1853 1249 1917; x_wconf 62' lang='lat' dir='ltr'>studium</span> <span class='ocrx_word' id='word_1_121' title='bbox 1265 1858 1406 1916; x_wconf 83' lang='lat' dir='ltr'>ami—</span> 
     </span>
     <span class='ocr_line' id='line_1_20' title="bbox 190 1938 1406 2022; baseline 0.003 -21"><span class='ocrx_word' id='word_1_122' title='bbox 190 1941 355 2001; x_wconf 87' lang='lat' dir='ltr'>citiae</span> <span class='ocrx_word' id='word_1_123' title='bbox 372 1940 584 2001; x_wconf 78' lang='lat' dir='ltr'>nostrae</span> <span class='ocrx_word' id='word_1_124' title='bbox 600 1938 773 2022; x_wconf 85' lang='lat' dir='ltr'>ipsam</span> <span class='ocrx_word' id='word_1_125' title='bbox 789 1942 1109 2017; x_wconf 87' lang='lat' dir='ltr'>amicitiam,</span> <span class='ocrx_word' id='word_1_126' title='bbox 1133 1963 1244 2022; x_wconf 82' lang='lat' dir='ltr'>qna</span> <span class='ocrx_word' id='word_1_127' title='bbox 1260 1943 1406 2004; x_wconf 84' lang='lat' dir='ltr'>nihil</span> 
     </span>
     <span class='ocr_line' id='line_1_21' title="bbox 190 2025 1407 2110; baseline 0.002 -23"><span class='ocrx_word' id='word_1_128' title='bbox 190 2025 275 2088; x_wconf 86' lang='lat' dir='ltr'>est</span> <span class='ocrx_word' id='word_1_129' title='bbox 286 2027 528 2104; x_wconf 85' lang='lat' dir='ltr'>uberius,</span> <span class='ocrx_word' id='word_1_130' title='bbox 548 2025 862 2109; x_wconf 80' lang='lat' dir='ltr'>praesertim</span> <span class='ocrx_word' id='word_1_131' title='bbox 875 2030 937 2090; x_wconf 88' lang='lat' dir='ltr'>in</span> <span class='ocrx_word' id='word_1_132' title='bbox 955 2031 1022 2088; x_wconf 80' lang='lat' dir='ltr'>iis</span> <span class='ocrx_word' id='word_1_133' title='bbox 1043 2028 1256 2107; x_wconf 83' lang='lat' dir='ltr'>studiis,</span> <span class='ocrx_word' id='word_1_134' title='bbox 1278 2031 1407 2110; x_wconf 86' lang='lat' dir='ltr'>qui·</span> 
     </span>
     <span class='ocr_line' id='line_1_22' title="bbox 192 2111 1408 2195; baseline 0.003 -21"><span class='ocrx_word' id='word_1_135' title='bbox 192 2114 302 2174; x_wconf 82' lang='lat' dir='ltr'>bus</span> <span class='ocrx_word' id='word_1_136' title='bbox 316 2128 547 2195; x_wconf 87' lang='lat' dir='ltr'>uterque</span> <span class='ocrx_word' id='word_1_137' title='bbox 569 2111 815 2174; x_wconf 66' lang='lat' dir='ltr'>nosti-Cim</span> <span class='ocrx_word' id='word_1_138' title='bbox 829 2115 1117 2175; x_wconf 65' lang='lat' dir='ltr'>devinetus</span> <span class='ocrx_word' id='word_1_139' title='bbox 1134 2116 1228 2177; x_wconf 89' lang='lat' dir='ltr'>est.</span> <span class='ocrx_word' id='word_1_140' title='bbox 1273 2137 1408 2178; x_wconf 86' lang='lat' dir='ltr'>nam</span> 
     </span>
     <span class='ocr_line' id='line_1_23' title="bbox 194 2199 1407 2282; baseline 0.001 -20"><span class='ocrx_word' id='word_1_141' title='bbox 194 2200 300 2262; x_wconf 82' lang='lat' dir='ltr'>tibi</span> <span class='ocrx_word' id='word_1_142' title='bbox 316 2220 402 2260; x_wconf 85' lang='lat' dir='ltr'>me</span> <span class='ocrx_word' id='word_1_143' title='bbox 422 2199 688 2282; x_wconf 79' lang='lat' dir='ltr'>profiteor</span> <span class='ocrx_word' id='word_1_144' title='bbox 707 2203 845 2261; x_wconf 82' lang='lat' dir='ltr'>etin</span> <span class='ocrx_word' id='word_1_145' title='bbox 869 2202 1145 2282; x_wconf 88' lang='lat' dir='ltr'>republica</span> <span class='ocrx_word' id='word_1_146' title='bbox 1172 2200 1407 2279; x_wconf 83' lang='lat' dir='ltr'>socium,</span> 
     </span>
     <span class='ocr_line' id='line_1_24' title="bbox 192 2284 1408 2368; baseline 0.001 -20"><span class='ocrx_word' id='word_1_147' title='bbox 192 2286 267 2348; x_wconf 85' lang='lat' dir='ltr'>de</span> <span class='ocrx_word' id='word_1_148' title='bbox 290 2305 399 2367; x_wconf 85' lang='lat' dir='ltr'>qua</span> <span class='ocrx_word' id='word_1_149' title='bbox 428 2286 572 2347; x_wconf 86' lang='lat' dir='ltr'>idem</span> <span class='ocrx_word' id='word_1_150' title='bbox 595 2284 884 2362; x_wconf 70' lang='lat' dir='ltr'>senfimm,</span> <span class='ocrx_word' id='word_1_151' title='bbox 907 2291 1044 2349; x_wconf 85' lang='lat' dir='ltr'>etin</span> <span class='ocrx_word' id='word_1_152' title='bbox 1074 2289 1408 2368; x_wconf 86' lang='lat' dir='ltr'>quotidiana</span> 
     </span>
     <span class='ocr_line' id='line_1_25' title="bbox 196 2373 1404 2453; baseline -0.002 -18"><span class='ocrx_word' id='word_1_153' title='bbox 196 2373 318 2435; x_wconf 83' lang='lat' dir='ltr'>vita</span> <span class='ocrx_word' id='word_1_154' title='bbox 331 2374 689 2453; x_wconf 62' lang='lat' dir='ltr'>conjundhim</span> <span class='ocrx_word' id='word_1_155' title='bbox 705 2395 830 2434; x_wconf 89' lang='lat' dir='ltr'>cum</span> <span class='ocrx_word' id='word_1_156' title='bbox 853 2375 922 2435; x_wconf 81' lang='lat' dir='ltr'>iis</span> <span class='ocrx_word' id='word_1_157' title='bbox 939 2377 1174 2452; x_wconf 73' lang='lat' dir='ltr'>artibus„</span> <span class='ocrx_word' id='word_1_158' title='bbox 1196 2373 1404 2436; x_wconf 87' lang='lat' dir='ltr'>studiis·</span> 
     </span>
     <span class='ocr_line' id='line_1_26' title="bbox 197 2458 1405 2540; baseline 0.001 -21"><span class='ocrx_word' id='word_1_159' title='bbox 197 2478 331 2540; x_wconf 90' lang='lat' dir='ltr'>que,</span> <span class='ocrx_word' id='word_1_160' title='bbox 355 2478 495 2539; x_wconf 88' lang='lat' dir='ltr'>quae</span> <span class='ocrx_word' id='word_1_161' title='bbox 510 2458 761 2520; x_wconf 72' lang='lat' dir='ltr'>colimuS.</span> <span class='ocrx_word' id='word_1_162' title='bbox 797 2459 965 2522; x_wconf 88' lang='lat' dir='ltr'>velim</span> <span class='ocrx_word' id='word_1_163' title='bbox 980 2463 1059 2521; x_wconf 90' lang='lat' dir='ltr'>ita</span> <span class='ocrx_word' id='word_1_164' title='bbox 1072 2459 1297 2522; x_wconf 87' lang='lat' dir='ltr'>fortuna</span> <span class='ocrx_word' id='word_1_165' title='bbox 1315 2474 1405 2520; x_wconf 89' lang='lat' dir='ltr'>tu·</span> 
     </span>
     <span class='ocr_line' id='line_1_27' title="bbox 198 2545 1405 2630; baseline -0.001 -22"><span class='ocrx_word' id='word_1_166' title='bbox 198 2545 363 2625; x_wconf 79' lang='lat' dir='ltr'>liffet,</span> <span class='ocrx_word' id='word_1_167' title='bbox 392 2549 592 2630; x_wconf 84' lang='lat' dir='ltr'>quanti</span> <span class='ocrx_word' id='word_1_168' title='bbox 616 2567 723 2628; x_wconf 87' lang='lat' dir='ltr'>ego</span> <span class='ocrx_word' id='word_1_169' title='bbox 754 2568 952 2610; x_wconf 80' lang='lat' dir='ltr'>omnes</span> <span class='ocrx_word' id='word_1_170' title='bbox 981 2563 1111 2611; x_wconf 83' lang='lat' dir='ltr'>tuos</span> <span class='ocrx_word' id='word_1_171' title='bbox 1131 2548 1299 2627; x_wconf 77' lang='lat' dir='ltr'>faeie,</span> <span class='ocrx_word' id='word_1_172' title='bbox 1321 2546 1405 2608; x_wconf 84' lang='lat' dir='ltr'>uti</span> 
     </span>
     <span class='ocr_line' id='line_1_28' title="bbox 727 2640 870 2698; baseline 0.028 -4"><span class='ocrx_word' id='word_1_173' title='bbox 727 2640 781 2694; x_wconf 89' lang='lat' dir='ltr'>G</span> <span class='ocrx_word' id='word_1_174' title='bbox 831 2653 870 2698; x_wconf 83' lang='lat'>2</span> 
     </span>
    </p>
   </div>
  </div>
 </body>
</html>
