1700 3059
525 0 577 22 'V'

372 172 495 243 328
583 177 707 232 AD
752 175 1357 232 FAMILIARES

364 273 658 332 memoriae
674 271 803 330 dare
822 291 1066 350 operam.
1106 268 1194 330 sed
1210 270 1267 330 id
1283 268 1460 351 ipsum
1473 293 1586 333 vo-

364 355 579 432 lumen,
603 357 754 436 quod
786 357 891 415 tibi
913 355 1052 430 miii,
1074 355 1255 430 facile,
1278 373 1340 415 ut
1363 378 1471 435 ego
1493 381 1586 418 ar·

364 443 653 517 bitror,me
664 439 906 502 excusat.
933 440 1118 501 nescio
1131 443 1291 519 cujus
1305 445 1412 501 otii
1427 443 1588 520 effet,

364 547 485 586 non
502 527 674 586 modo
698 526 1022 607 perscribere
1043 531 1197 600 haec,
1221 525 1314 587 sed
1335 532 1586 588 omnino

360 611 817 672 animadvertere.
863 614 1055 671 omnia
1073 613 1223 671 enim
1241 611 1380 671 sunt
1397 614 1480 674 ibi
1501 612 1584 674 se·

362 696 831 774 natus-consulta,
869 697 1063 770 edieta,
1105 696 1341 772 fabulae,
1383 719 1584 759 rumo-

360 803 475 843 κει
491 783 645 861 quod
659 783 970 862 exemplum
987 781 1030 842 fi
1043 781 1189 841 forte
1203 784 1400 848 minua
1415 800 1474 844 te
1489 786 1585 844 de·

358 869 593 943 ledarit,
616 888 689 927 ne
710 867 1007 928 molestiam
1038 869 1140 926 tibi
1169 889 1298 926 cum
1330 869 1587 949 impensa

358 974 481 1014 mea
494 955 805 1029 exhibeam,
820 953 905 1014 fac
921 975 1008 1013 me
1023 955 1336 1014 certiorem.
1388 954 1431 1014 fi
1449 957 1586 1035 quid

355 1042 419 1100 in
436 1039 711 1118 republica
722 1040 901 1117 majus
919 1045 1096 1098 aetum
1109 1038 1401 1118 erit‚quod
1423 1041 1508 1100 isti
1525 1064 1588 1102 o·

356 1126 553 1207 perarii
580 1125 765 1184 minus
786 1124 1075 1184 commode
1087 1121 1336 1203 persequi
1351 1128 1532 1205 poffin
1541 1145 1582 1203 t,

354 1225 414 1269 et
428 1209 894 1288 quemadmodum
918 1213 1096 1268 actum
1122 1207 1209 1281 fit,
1237 1225 1297 1267 et
1312 1231 1390 1289 qu
1399 1232 1468 1270 ae
1483 1233 1578 1272 ex·

354 1293 613 1354 istimatio
644 1293 843 1368 secuta,
876 1315 1124 1374 quaeque
1149 1291 1220 1352 de
1240 1315 1310 1354 eo
1337 1295 1468 1374 spes
1485 1298 1578 1375 est,

355 1380 649 1456 diligenter
662 1382 763 1439 tibi
779 1377 1192 1459 perscribemus.
1223 1395 1291 1437 ut
1305 1401 1467 1441 nunc
1483 1382 1578 1462 est,

356 1466 511 1526 nulla
535 1484 872 1544 magnopere
893 1466 1201 1542 expectatio
1219 1463 1316 1524 est.
1367 1486 1506 1526 narn
1523 1485 1578 1528 et

357 1552 441 1610 illi
468 1569 715 1610 rumores
754 1551 823 1608 de
861 1550 1099 1609 comitiis
1131 1549 1574 1628 Transpadano-

354 1655 503 1712 mm,
516 1642 813 1694 Cumarum
828 1651 990 1693 tenus
1007 1633 1313 1694 caluerunt.
1335 1641 1574 1698 Romam

354 1742 483 1784 cum
516 1719 799 1794 venissem,
844 1739 917 1778 ne
949 1719 1308 1778 tenuiffimam
1347 1723 1572 1799 quidem

352 1806 694 1867 auditionem
730 1805 801 1863 de
836 1825 902 1864 ea
939 1825 998 1863 re
1035 1805 1237 1883 accepi.
1282 1821 1568 1883 praeterea

355 1891 655 1952 Marcellus
686 1889 841 1968 quod
877 1890 1054 1961 adhuc
1093 1888 1234 1947 nihil
1271 1890 1468 1950 retulit
1501 1893 1568 1952 de

355 1975 680 2036 fuceessione
710 1977 1124 2054 provinciarum
1141 1974 1481 2048 Galliarum3
1509 1993 1564 2036 et

358 2063 421 2123 in
434 2061 693 2121 kalendas
710 2057 930 2136 Juniis,
951 2075 1014 2118 ut
1037 2060 1170 2116 mihi
1185 2056 1300 2138 ipse
1315 2059 1486 2135 dixit,
1505 2083 1560 2122 e·

355 2159 449 2208 cm
478 2145 681 2205 distulit
710 2145 1066 2215 relationem3
1107 2143 1233 2202 sane
1261 2163 1436 2222 quam
1465 2167 1558 2208 eos

352 2231 632 2295 sermones
662 2231 932 2309 expreffit,
963 2232 1061 2309 qui
1091 2229 1162 2287 de
1187 2250 1258 2288 eo
1287 2245 1412 2290 tum
1441 2230 1556 2292 fue-

349 2332 499 2392 rant,
538 2337 664 2378 cum
702 2323 911 2375 Romae
947 2335 1053 2374 nos
1085 2313 1332 2375 essemus,
1391 2330 1474 2389 tu,
1515 2316 1553 2377 fi

328 2424 335 2432 ·
352 2405 697 2480 Pompeium,
713 2416 777 2459 ut
790 2400 1016 2460 volebas
1020 2442 1041 2473 ‚
1056 2397 1354 2472 offendisti,
1371 2403 1468 2478 qui
1485 2403 1550 2460 ti·

348 2488 407 2544 bi
422 2485 567 2546 vIsus
588 2485 676 2561 fit,
702 2501 758 2544 et
778 2505 948 2564 quam
970 2486 1280 2546 orationem
1300 2486 1546 2547 habuerit
