1700 3059
388 123 511 202 296
600 125 724 181 An
768 123 1378 208 FAMILIARES

382 225 685 304 congreffio
712 223 890 305 pluris
912 226 1035 299 erit,
1065 243 1236 303 quam
1264 245 1393 284 non
1430 223 1607 286 modo

378 313 601 388 hostes,.
623 310 713 370 sed
742 315 907 370 etiam
941 312 1140 371 fratres
1179 310 1357 370 nostri
1391 312 1605 372 Aedui.
1686 349 1687 388 ἡ

379 420 551 478 quare
566 399 823 458 omnibus
846 399 916 458 de
933 401 1091 458 rebus
1105 397 1195 458 fac
1209 412 1274 456 ut
1289 418 1474 479 quam
1489 401 1608 476 pri-
1631 457 1646 482 .
1686 391 1687 414 ³

378 507 529 546 mum
554 483 742 544 fciam:

420 579 538 630 Aut
572 569 938 649 consolando,
976 587 1072 632 aut
1102 569 1361 650 confine,
1401 585 1511 632 aut
1545 592 1606 632 re
1686 619 1687 624 1

500 677 729 736 juvero·

628 849 891 894 menno
925 850 1010 892 ‘rR
1029 847 1331 892 ΕΒΑτιο.

370 923 381 976 ἶ
463 917 577 978 Nifi
596 934 724 978 ante
750 920 930 979 Roma
949 916 1228 996 profee'ms
1254 916 1424 994 effice»,
1440 939 1599 982 nunc
1623 954 1634 986 ι
1643 953 1656 986 1

372 1026 494 1065 eam
512 1020 657 1065 certe
674 1005 1030 1084 relinqueres,
1079 1006 1204 1083 quis
1221 1007 1371 1064 enim
1389 1021 1491 1065 tot
1505 1010 1599 1066 in-

375 1094 644 1169 terregnis
674 1089 1112 1170 jureconsultum
1141 1089 1457 1151 defiderat?
1491 1114 1603 1172 ego

356 1180 661 1253 omnibus»,
684 1177 830 1237 unde
844 1180 1178 1259 petitur‚hoc
1194 1175 1409 1239 consilii
1424 1176 1601 1241 dede-

373 1267 501 1339 rim,
526 1281 586 1323 ut
603 1285 635 1323 a
650 1263 876 1344 fingulis
906 1266 1270 1342 interregibus
1299 1267 1470 1324 binas
1495 1268 1601 1328 ad·

371 1355 698 1414 vocationes
714 1351 1010 1432 postulent.
1057 1348 1253 1412 satisne
1267 1353 1371 1412 tibi
1387 1352 1601 1414 videor

372 1441 471 1498 abs
504 1454 559 1498 te
582 1441 679 1518 jus
702 1439 864 1499 civile
899 1435 1142 1498 didicisse
1159 1439 1180 1498 ?
1207 1437 1296 1498 sed
1325 1441 1470 1500 heus
1502 1456 1596 1517 tu,

370 1524 507 1605 quid
528 1528 646 1604 agis
665 1528 684 1586 ?
712 1523 912 1604 ecquid
927 1523 1016 1583 fit?
1049 1525 1214 1586 video
1229 1526 1377 1586 enim
1395 1528 1596 1605 tejam

254 1627 260 1632 ’
361 1612 547 1691 jocari
584 1634 682 1693 per
717 1613 926 1672 literas·
987 1613 1122 1673 haee
1159 1610 1312 1690 figna
1345 1613 1596 1674 meliora

367 1697 516 1774 sunt,
538 1720 705 1779 quam
720 1700 779 1759 in
795 1719 921 1758 meo
944 1695 1286 1758 Tusculano.
1333 1697 1427 1759 sed
1443 1699 1589 1780 quid
1686 1709 1687 1712 ’

364 1784 453 1858 fit,
476 1784 610 1846 scire
623 1787 809 1865 cupio,
857 1782 1067 1845 consuli
1079 1785 1302 1865 quidem
1319 1801 1372 1844 te
1387 1806 1422 1845 a
1439 1793 1585 1846 Cae-

368 1871 483 1931 sare
514 1870 735 1932 scribis:
769 1870 866 1941 sed,
889 1893 996 1950 ego
1019 1873 1120 1932 tibi
1141 1873 1210 1931 ab
1233 1872 1332 1932 illo
1357 1870 1582 1933 consuli

364 1957 608 2019 mallem.
632 1989 636 1994 ·
656 1959 810 2040 quod
826 1957 864 2018 fi
879 1975 974 2019 aut
989 1957 1075 2036 fit,
1097 1975 1192 2018 aut
1205 1959 1452 2020 futurum
1467 1980 1573 2040 pu-

365 2061 474 2121 tam,
490 2045 667 2124 perfer
682 2045 833 2105 istam
846 2045 1120 2123 militiam,
1137 2061 1190 2105 et
1205 2067 1486 2126 permane.
1511 2068 1572 2106 e-

363 2152 438 2210 go
454 2133 603 2190 enim
616 2131 936 2193 defiderium
955 2132 1060 2208 tui,
1075 2131 1164 2212 spe
1180 2149 1404 2192 tuorum
1421 2154 1572 2194 com-

360 2216 656 2278 modorum
673 2218 1021 2278 consolabor.
1041 2217 1120 2278 fin
1135 2234 1316 2279 autem
1333 2218 1430 2278 ista
1445 2219 1572 2279 sunt

360 2305 639 2378 inaniora,
664 2307 843 2383 recipe
865 2320 922 2363 te
943 2305 1011 2365 ad
1033 2326 1162 2365 nos,
1208 2325 1338 2364 nam
1353 2321 1454 2364 aut
1464 2311 1572 2366 erit

360 2393 455 2449 hic
470 2389 675 2468 aliquid
693 2390 1024 2470 aliquando:
1049 2407 1142 2452 aut
1160 2390 1200 2451 fi
1217 2392 1426 2466 minus,
1456 2413 1572 2452 una
1686 2391 1687 2458 Ῐ

326 2541 331 2548 ,
356 2475 669 2537 mehercule
690 2477 995 2540 collocutio
1027 2477 1211 2540 nostra
1233 2477 1408 2560 pluris
1437 2478 1568 2558 erit,
1686 2479 1687 2488 ’
