1700 3059
309 165 425 229 188
519 171 644 227 ΑΙ)
688 169 1289 228 FAMILIARES

297 267 514 332 mentio
551 268 728 350 posset
763 271 1071 350 praeteriri.
1128 291 1259 330 nam
1288 284 1347 329 et
1394 291 1549 334 eum

298 354 640 434 consulibus»,
671 373 726 416 et
757 379 884 437 eum
913 358 1105 417 multis
1134 355 1547 420 consularibus

293 457 455 504 tanta
469 445 836 504 contentione
849 443 1360 524 decertavi‚quanta
1380 465 1551 506 nun-

293 549 466 610 quam
481 545 640 590 antea
655 530 764 589 ulla
779 532 838 590 in
856 528 1035 603 causa3
1050 528 1369 611 suscepique
1386 533 1545 590 mihi

295 633 620 698 perpetuam
650 619 1161 696 propugnationem
1190 636 1305 696 pro
1328 618 1541 676 omni-

289 703 404 764 bus
433 705 780 767 ornamentis
805 704 951 776 tuis;
987 704 1269 782 veterique
1296 702 1539 764 nostrae

298 791 678 851 neeeffitudini
700 788 916 868 jamdiu
940 787 1211 863 debitum,
1234 787 1325 848 sed
1340 790 1539 851 multa

295 879 566 937 varietate
595 893 906 957 temporum
928 877 1304 959 interruptum
1334 877 1533 937 offici·

295 983 395 1023 um
412 963 688 1022 cumulate
715 962 947 1022 reddidi.
998 981 1179 1042 neque
1204 965 1533 1023 mehercule

295 1069 548 1129 unquam
563 1053 696 1110 mihi
713 1051 915 1123 tui,aut
930 1049 1173 1124 colendi,
1188 1064 1285 1108 aut
1300 1069 1533 1110 ornan·

297 1135 360 1196 di
387 1137 654 1198 voluntas
685 1135 889 1196 defuit:
920 1134 1011 1195 sed
1044 1135 1312 1214 quaedam
1342 1137 1533 1216 pestes

297 1227 616 1300 hominum,
643 1222 800 1284 laude
823 1222 1003 1282 aliena
1026 1221 1355 1298 dolentium,
1384 1239 1453 1282 et
1470 1240 1533 1284 te

299 1306 760 1390 nonnunquama
773 1331 862 1368 me
878 1309 1209 1383 alienarunt,
1238 1326 1295 1367 et
1310 1329 1399 1368 me
1416 1311 1529 1368 aii·

220 1433 228 1438 -
302 1399 534 1478 quando
547 1400 908 1457 immutarunt
920 1397 1042 1456 tibi.
1070 1393 1159 1455 sed
1172 1395 1359 1454 extitit
1372 1409 1529 1456 tem-

297 1507 408 1568 pus
438 1499 692 1566 optatum
721 1485 856 1543 mihi
886 1484 1085 1560 magis,
1125 1503 1290 1562 quam
1328 1479 1528 1561 spera-

297 1567 444 1648 tuth,
468 1588 561 1645 ut,
595 1569 983 1630 florentiffimis
1013 1571 1127 1628 tuis
1159 1571 1319 1628 rebus
1337 1613 1357 1645 ‚
1386 1589 1529 1631 mea

298 1659 534 1741 perspici
563 1655 738 1738 posset
767 1671 826 1716 et
852 1657 1117 1715 memoria
1156 1654 1370 1715 nostrae
1401 1677 1525 1717 vo·

298 1747 616 1820 luntatis‚et
629 1745 898 1803 amicitiae
912 1741 1189 1803 fides.sum
1204 1745 1353 1802 enim
1368 1763 1527 1806 con·

301 1833 542 1907 secutus,
575 1852 694 1890 non
723 1830 895 1890 modo
924 1844 989 1888 ut
1016 1829 1215 1889 domus
1250 1845 1345 1889 tua
1368 1845 1529 1908 tota,

303 1919 397 1981 sed
413 1935 474 1978 ut
491 1923 688 1979 cundia
709 1919 905 1978 civitas
928 1937 1014 1976 me
1028 1919 1129 1976 tibi
1145 1917 1527 1980 amicissimum

304 2005 410 2068 effe
433 2001 814 2082 cognosceret.
862 2006 1045 2083 itaque
1064 2019 1121 2062 et
1136 2003 1525 2084 praestantiffi-

301 2115 396 2156 ma
411 2093 660 2152 omnium
675 2091 1040 2150 foeminarum
1055 2110 1202 2153 uxor
1218 2106 1307 2149 tua
1312 2107 1395 2165 ,et
1418 2113 1527 2154 ex·

299 2181 436 2242 imia
465 2179 685 2258 pietate,
731 2177 965 2251 virtute,
1002 2180 1177 2254 gratia
1208 2180 1289 2235 tui
1318 2179 1519 2254 Crasti,

301 2268 442 2328 meis
459 2263 722 2337 consiliis,
749 2265 1007 2337 monitis,
1037 2261 1247 2337 studiis²
1278 2264 1519 2324 aetioni-

299 2352 505 2430 busque
521 2344 804 2408 uitiantur:
829 2365 889 2406 et
902 2347 1142 2423 feriatae,
1164 2348 1513 2429 populusque

301 2445 589 2498 Romanus
605 2434 889 2512 intelligit,
906 2437 1006 2494 tibi
1024 2434 1234 2495 absenti
1250 2437 1390 2496 nihil
1402 2437 1517 2498 effe

285 2539 418 2584 -tam
431 2537 772 2602 promptum,
795 2537 893 2582 aut
914 2537 1027 2584 tam
1050 2537 1325 2606 paratum,
1348 2542 1523 2604 quam

1686 305 1688 428 4
