1700 3059
332 171 455 253 3⁶8
546 177 673 233 AD
720 173 1334 233 FAMILIARES

323 273 472 334 hffnc
510 271 779 352 perditam
806 269 1028 331 causam
1057 269 1356 351 imposuit.
1337 289 1356 308 ·
1403 289 1540 334 nam

322 361 459 418 mihi
480 357 659 418 sentio
672 361 880 420 bonam
909 373 1152 416 mentem
1178 357 1468 418 iracundia
1482 372 1542 418 et

320 465 507 504 amore
518 444 773 504 ablatam.
821 459 940 502 tum
953 455 1016 502 tu
1031 458 1228 522 porro,
1243 458 1378 502 tum
1396 443 1540 504 adte

302 529 669 610 proficiscens
703 533 876 590 noeku
908 532 1220 590 Ariminum
1243 521 1539 607 venissem,

321 616 455 676 dum
470 618 607 676 mihi
636 618 781 696 pacis
812 615 1072 688 mandata
1100 615 1201 674 das
1233 615 1305 675 ad
1333 615 1534 675 Caesa·

320 720 461 777 rem,
504 718 560 761 et
580 701 870 762 mirificum
885 704 1060 764 civem
1085 705 1226 778 agis,
1264 703 1430 761 amici
1445 701 1536 762 of·

318 787 502 848 ficium
520 787 823 866 neglexisti,
846 807 1028 868 neque
1039 789 1177 848 mihi
1191 785 1532 850 consuluisti.

318 895 501 954 neque
520 875 661 936 haec
667 874 819 952 d1c0‚
832 873 988 953 quod
1002 871 1248 934 diffidam
1261 875 1393 934 huic
1409 895 1538 934 cau·

317 959 437 1021 sae:
473 959 591 1034 sed,
634 960 794 1020 crede
816 962 974 1036 mihi,
1019 961 1200 1040 perire
1229 957 1400 1018 satius
1429 958 1532 1036 est,

316 1067 487 1126 quam
507 1048 615 1105 hos
642 1045 849 1106 videre.
875 1045 1052 1128 quod
1073 1043 1301 1110 fitir'nor
1317 1045 1533 1105 vestrae

283 1131 657 1192 t-erudelitatis
690 1136 819 1190 non·
816 1123 989 1207 effet,
1011 1132 1169 1210 e'jeffl
1191 1129 1531 1212 jampridem

317 1221 453 1278 hinc
466 1216 713 1278 essemus.
739 1238 870 1278 nam
876 1220 978 1278 hic
989 1237 1064 1276 nu
1071 1239 1167 1294 nc,
1180 1231 1398 1297 praeter
1411 1216 1532 1277 foe-

312 1320 608 1364 neratores
630 1324 866 1386 paucos„
896 1323 1002 1364 nec
1025 1305 1224 1379 homo,
1253 1324 1356 1364 nec
1380 1302 1528 1363 ordo

320 1389 609 1471 quisquam
622 1389 721 1464 est,
736 1387 838 1449 nifi
853 1391 1243 1471 Pompeianus·
1267 1388 1532 1468 equidem

310 1477 429 1555 jam
446 1475 602 1537 effeci
619 1493 681 1536 ut
700 1479 942 1536 maxime
952 1477 1127 1556 plebs,
1149 1491 1228 1551 et,
1251 1477 1350 1555 qui
1363 1489 1530 1538 antea

314 1561 501 1622 noster
514 1561 641 1638 fuit,
656 1561 898 1643 populus
915 1561 1090 1622 vester
1101 1560 1252 1642 ess‘et.
1277 1582 1375 1620 σω·
1388 1565 1530 1639 hoc,

315 1649 536 1726 inquis}
553 1650 757 1730 inimo·
768 1648 981 1728 reliqua
1001 1653 1247 1728 expedia.
1292 1667 1402 1727 ves
1429 1649 1526 1706 in·

315 1737 467 1806 vitos
484 1735 981 1814 vincerecoe‘geio.
997 1736 1212 1794 irritavi
1229 1736 1289 1792 in
1306 1753 1398 1793 me
1411 1739 1530 1794 Ca-

308 1821 554 1882 ’tonem.‘
576 1842 683 1882 vos
715 1821 1004 1881 dormitis:
1043 1841 1148 1882 nec
1180 1823 1314 1880 haec
1343 1820 1530 1882 adhuc

312 1909 451 1968 mihi
464 1907 728 1970 videmini
752 1908 1078 1985 intelligere,
1113 1927 1282 1988 quam
1293 1927 1406 1966 nos
1421 1927 1528 1988 pa-

316 2009 549 2071 teamus,
604 2010 661 2054 et
700 2014 864 2073 quam
895 1992 1059 2054 fimus
1096 1993 1380 2054 imbecilli.
1437 2009 1529 2054 at·

314 2101 425 2160 que
444 2083 554 2141 hoc
571 2081 777 2140 nullius
794 2083 1023 2158 praemii
1040 2079 1132 2160 spe
1150 2079 1381 2140 faciam:
1407 2077 1530 2156 sed,

304 2165 463 2245 quod
478 2165 621 2245 apud
634 2187 725 2226 me
739 2167 1032 2246 plurimum
1048 2165 1185 2227 solet
1197 2167 1403 2237 valere,
1417 2165 1528 2226 do-

148 2253 174 2280 ”·‘
198 2263 223 2274 '·
308 2251 447 2312 loris
470 2268 633 2330 atque
646 2253 995 2330 md1gmtans
1023 2251 1198 2312 musa.
1245 2251 1381 2330 quid
1403 2251 1528 2313 istic

308 2337 519 2398 facitis?
539 2337 803 2417 praelium
819 2341 1143 2424 expectatis,
1155 2338 1304 2418 quod
1323 2335 1530 2398 firmis-

303 2423 499 2482 fimum
518 2423 619 2481 est?
645 2423 861 2482 vestras
846 2426 1051 2504 copias
1068 2447 1184 2485 non
1205 2425 1366 2485 novi.
1411 2445 1528 2484 no-

302 2506 399 2566 stri
426 2507 586 2566 valde
608 2507 946 2588 depugnare,
969 2527 1027 2571 et
1047 2511 1208 2574 facile
1220 2510 1528 2591 algere,·et

294 2588 506 2650 esurire
528 2591 964 2658 consueverunt.
