1700 3059
386 148 715 209 EPIST.
766 164 910 207 ιη..
942 164 1082 207 vn.
1193 162 1315 229 295

105 254 287 315 calere
308 251 497 313 audio.
542 272 659 332 quo
689 251 912 333 quidem
933 256 1138 314 nuntio
1157 256 1323 318 val-de

111 340 423 404 mehercule
450 338 521 399 de
544 355 599 399 te
632 341 938 401 timueram.
987 338 1079 401 sed
1101 358 1161 401 tu
1185 346 1244 404 in
1261 364 1322 405 re

111 427 346 489 militari
360 425 537 487 multo
550 448 613 486 es
628 428 868 501 cautior,
885 448 1054 507 quam
1069 428 1130 487 in
1147 429 1323 490 advo·-

113 517 467 575 cationibus=
492 516 587 592 qui
614 534 794 591 neque
816 516 876 571 in
896 522 1120 575 Oceano
1138 530 1328 577 natare

114 601 391 676 volueris,
438 597 829 659 stuefiofissimus
861 604 1030 661 homo
1061 604 1346 679 na'tandi3·

116 709 304 767 neque
322 686 559 766 speftare
573 684 860 746 essedarios
866 730 884 762 ,
899 706 1062 766 quem
1079 706 1240 749 antea
1255 712 1328 751 ne

116 775 451 836 andabatam
491 773 711 852 quidem
754 772 1074 844 defraudare
1109 792 1334 857 potera·

116 882 271 924 mus.
306 858 541 937 ‚sedjam
556 856 685 919 satis
710 860 884 937 jocati
900 857 1100 923 sumus,
1145 884 1249 940 ego
1265 864 1334 923 de

121 964 179 1009 te
196 948 270 1008 ad
292 946 578 1005 Caesarem
608 966 775 1025 quam
805 945 1094 1025 diligenter
1115 944 1335 1028 scripse-

117 1038 257 1110 rim,
278 1048 399 1093 tute
414 1031 549 1105 (εἰη
568 1052 733 1113 quarn
752 1030 928 1112 saepe,
943 1054 1070 1111 ego.
1116 1031 1207 1094 sed
1223 1056 1338 1095 me-

120 1120 347 1183 hercule
363 1120 483 1199 jam
507 1114 921 1194 intermiseram,
945 1141 1018 1179 ne
1040 1120 1338 1181 viderer-li-

110 1208 435 1271 beraliffimi
466 1209 731 1281 hominis,
752 1210 970 1286 meique
996 1210 1340 1271 amantissimi

112 1295 417 1357 voluntati
439 1314 570 1371 erga
606 1314 695 1354 me
718 1292 982 1353 diffidere.
1039 1294 1130 1355 sed
1153 1310 1341 1357 tamen

124 1386 220 1443 his
236 1382 435 1457 literis,
452 1398 596 1459 quae
606 1383 862 1461 proxime
875 1380 1023 1457 dedi,
1033 1386 1224 1463 putavi
1239 1382 1347 1444 effe

123 1472 420 1531 hominem
436 1468 923 1529 commonendum.
957 1468 1015 1527 id
1036 1468 1162 1533 feci.
1210 1469 1347 1550 quid

122 1556 485 1638 profecerim,
508 1554 676 1615 facias
698 1576 787 1615 me
808 1555 978 1615 velim
1015 1558 1306 1616 certiorem
1326 1579 1347 1618 ε

126 1659 192 1706 et
230 1642 388 1707 simul
410 1641 479 1701 de
515 1656 639 1702 toto
678 1638 817 1701 statu
854 1656 978 1718 tue,
1006 1640 1353 1723 confiliisque

131 1730 425 1793 omnibus„
472 1727 605 1790 scire
634 1730 787 1788 enim‘
818 1731 985 1810 cupio
1021 1729 1160 1807 qnid
1195 1750 1351 1809 agae,

132 1816 278 1898 quid
290 1820 565 1895 expectes,
596 1835 763 1897 quam
776 1815 1008 1895 longum
1023 1814 1181 1877 istum
1195 1832 1355 1877 tuum

134 1902 423 1965 disceffiim
440 1922 473 1961 a
486 1904 648 1962 nobis
664 1901 910 1963 flaturum
925 1918 1106 1983 putes.
1119 1902 1190 1964 fic
1204 1906 1355 1965 enim

136 1993 247 2051 tibi
264 1988 580 2075 persuadeas
596 1991 784 2066 velim,
806 2010 980 2049 unum
998 1992 1132 2051 mihi
1147 1988 1251 2050 effe
1265 1988 1354 2050 so·

122 2079 363 2153 ·latium‚
393 2096 561 2156 quare
592 2076 799 2135 facilius
824 2076 1014 2155 possim
1037 2078 1152 2157 pati
1175 2092 1230 2153 te
1251 2076 1358 2137 effe

139 2162 262 2225 fine
281 2164 467 2239 nobie,
482 2162 522 2223 fi
544 2164 646 2222 tibi
668 2162 771 2221 effe
786 2163 844 2222 id
861 2162 1238 2225 emolumento
1255 2163 1358 2225 sci-

142 2272 261 2311 am.
309 2246 389 2309 fin
420 2265 601 2309 autem
632 2249 689 2309 id
714 2271 831 2309 non
855 2249 954 2325 est,
979 2250 1116 2309 nihil
1139 2246 1359 2311 duobus

144 2338 320 2397 nobis
334 2334 408 2396 est
422 2334 637 2396 stultius
654 2360 669 2396 τ
683 2356 794 2411 me,
807 2340 901 2415 qui
921 2353 974 2396 te
988 2358 1108 2397 non
1127 2344 1363 2396 Romam

145 2426 456 2483 attraham:
483 2437 560 2497 te,
582 2425 813 2501 quinon
832 2426 940 2481 huc
955 2422 1206 2482 advoles.
1251 2440 1365 2479 una

146 2508 463 2573 mehercule
480 2508 687 2588 nostra,
717 2507 813 2570 vel·
838 2508 1046 2587 severa,
1065 2506 1156 2568 vel
1173 2504 1369 2586 jocosa
