<?xml version="1.0" encoding="UTF-8"?>
<!DOCTYPE html PUBLIC "-//W3C//DTD XHTML 1.0 Transitional//EN"
    "http://www.w3.org/TR/xhtml1/DTD/xhtml1-transitional.dtd">
<html xmlns="http://www.w3.org/1999/xhtml" xml:lang="en" lang="en">
 <head>
  <title>
</title>
<meta http-equiv="Content-Type" content="text/html;charset=utf-8" />
  <meta name='ocr-system' content='tesseract 3.04.00' />
  <meta name='ocr-capabilities' content='ocr_page ocr_carea ocr_par ocr_line ocrx_word'/>
</head>
<body>
  <div class='ocr_page' id='page_1' title='image "./mtulliiciceroni10unkngoog/mtulliiciceroni10unkngoog_0069.png"; bbox 0 0 1700 3059; ppageno 0'>
   <div class='ocr_carea' id='block_1_1' title="bbox 381 189 1323 276">
    <p class='ocr_par' dir='ltr' id='par_1_1' title="bbox 381 189 1323 276">
     <span class='ocr_line' id='line_1_1' title="bbox 381 189 1323 276; baseline -0.002 -20"><span class='ocrx_word' id='word_1_1' title='bbox 381 195 707 256; x_wconf 83' lang='lat' dir='ltr'><strong>EPIST.</strong></span> <span class='ocrx_word' id='word_1_2' title='bbox 761 213 906 256; x_wconf 72' lang='lat' dir='ltr'><strong>mn.</strong></span> <span class='ocrx_word' id='word_1_3' title='bbox 947 189 1065 255; x_wconf 75' lang='lat'>11.‘</span> <span class='ocrx_word' id='word_1_4' title='bbox 1240 209 1323 276; x_wconf 74' lang='lat'><strong>59</strong></span> 
     </span>
    </p>
   </div>
   <div class='ocr_carea' id='block_1_2' title="bbox 97 295 1329 2699">
    <p class='ocr_par' dir='ltr' id='par_1_2' title="bbox 97 295 1329 2699">
     <span class='ocr_line' id='line_1_2' title="bbox 103 295 1327 380; baseline 0.001 -20"><span class='ocrx_word' id='word_1_5' title='bbox 103 303 431 375; x_wconf 74' lang='lat' dir='ltr'><strong>tribunatu,</strong></span> <span class='ocrx_word' id='word_1_6' title='bbox 455 313 682 380; x_wconf 85' lang='lat' dir='ltr'><strong>propter</strong></span> <span class='ocrx_word' id='word_1_7' title='bbox 704 297 949 360; x_wconf 87' lang='lat' dir='ltr'><strong>nostram</strong></span> <span class='ocrx_word' id='word_1_8' title='bbox 979 296 1075 370; x_wconf 90' lang='lat' dir='ltr'><strong>(ut</strong></span> <span class='ocrx_word' id='word_1_9' title='bbox 1097 295 1253 378; x_wconf 85' lang='lat' dir='ltr'><strong>spero</strong></span> <span class='ocrx_word' id='word_1_10' title='bbox 1270 313 1327 360; x_wconf 86' lang='lat' dir='ltr'><strong>te</strong></span> 
     </span>
     <span class='ocr_line' id='line_1_3' title="bbox 107 384 1327 470; baseline -0.001 -22"><span class='ocrx_word' id='word_1_11' title='bbox 107 387 456 470; x_wconf 77' lang='lat' dir='ltr'><strong>intelligere)</strong></span> <span class='ocrx_word' id='word_1_12' title='bbox 477 385 721 445; x_wconf 84' lang='lat' dir='ltr'><strong>causam=</strong></span> <span class='ocrx_word' id='word_1_13' title='bbox 745 385 898 462; x_wconf 82' lang='lat' dir='ltr'><strong>vulgi</strong></span> <span class='ocrx_word' id='word_1_14' title='bbox 928 407 992 446; x_wconf 85' lang='lat' dir='ltr'><strong>ac</strong></span> <span class='ocrx_word' id='word_1_15' title='bbox 1020 384 1327 447; x_wconf 79' lang='lat' dir='ltr'><strong>multitudi-</strong></span> 
     </span>
     <span class='ocr_line' id='line_1_4' title="bbox 109 471 1326 553; baseline -0.001 -20"><span class='ocrx_word' id='word_1_16' title='bbox 109 477 230 549; x_wconf 80' lang='lat' dir='ltr'><strong>nis,</strong></span> <span class='ocrx_word' id='word_1_17' title='bbox 253 489 492 553; x_wconf 81' lang='lat' dir='ltr'><strong>propter</strong></span> <span class='ocrx_word' id='word_1_18' title='bbox 519 471 981 550; x_wconf 81' lang='lat' dir='ltr'><strong>magnificentiam</strong></span> <span class='ocrx_word' id='word_1_19' title='bbox 1012 491 1326 550; x_wconf 87' lang='lat' dir='ltr'><strong>munerum,</strong></span> 
     </span>
     <span class='ocr_line' id='line_1_5' title="bbox 106 559 1327 638; baseline -0.002 -18"><span class='ocrx_word' id='word_1_20' title='bbox 106 559 613 638; x_wconf 73' lang='lat' dir='ltr'>liberalitatemque</span> <span class='ocrx_word' id='word_1_21' title='bbox 644 574 905 619; x_wconf 85' lang='lat' dir='ltr'><strong>naturae:</strong></span> <span class='ocrx_word' id='word_1_22' title='bbox 923 559 1238 638; x_wconf 78' lang='lat' dir='ltr'><strong>juventutis</strong></span> <span class='ocrx_word' id='word_1_23' title='bbox 1268 575 1327 618; x_wconf 88' lang='lat' dir='ltr'><strong>et</strong></span> 
     </span>
     <span class='ocr_line' id='line_1_6' title="bbox 105 642 1327 726; baseline -0.001 -20"><span class='ocrx_word' id='word_1_24' title='bbox 105 643 488 726; x_wconf 80' lang='lat' dir='ltr'>gratiosorum</span> <span class='ocrx_word' id='word_1_25' title='bbox 511 646 570 703; x_wconf 91' lang='lat' dir='ltr'><strong>in</strong></span> <span class='ocrx_word' id='word_1_26' title='bbox 594 642 863 722; x_wconf 81' lang='lat' dir='ltr'><strong>suffragiis</strong></span> <span class='ocrx_word' id='word_1_27' title='bbox 880 643 1072 720; x_wconf 86' lang='lat' dir='ltr'><strong>studia,</strong></span> <span class='ocrx_word' id='word_1_28' title='bbox 1095 658 1327 726; x_wconf 83' lang='lat' dir='ltr'><strong>propter</strong></span> 
     </span>
     <span class='ocr_line' id='line_1_7' title="bbox 108 729 1329 816; baseline -0.002 -23"><span class='ocrx_word' id='word_1_29' title='bbox 108 731 280 816; x_wconf 78' lang='lat' dir='ltr'><strong>ipfius</strong></span> <span class='ocrx_word' id='word_1_30' title='bbox 296 729 664 792; x_wconf 81' lang='lat' dir='ltr'><strong>excellentem</strong></span> <span class='ocrx_word' id='word_1_31' title='bbox 680 732 740 790; x_wconf 89' lang='lat' dir='ltr'><strong>in</strong></span> <span class='ocrx_word' id='word_1_32' title='bbox 754 753 822 791; x_wconf 88' lang='lat' dir='ltr'><strong>eo</strong></span> <span class='ocrx_word' id='word_1_33' title='bbox 837 751 1036 808; x_wconf 86' lang='lat' dir='ltr'><strong>genere</strong></span> <span class='ocrx_word' id='word_1_34' title='bbox 1050 731 1139 790; x_wconf 82' lang='lat' dir='ltr'><strong>vel</strong></span> <span class='ocrx_word' id='word_1_35' title='bbox 1154 733 1329 810; x_wconf 85' lang='lat' dir='ltr'><strong>grati·</strong></span> 
     </span>
     <span class='ocr_line' id='line_1_8' title="bbox 109 815 1326 896; baseline -0.002 -16"><span class='ocrx_word' id='word_1_36' title='bbox 109 841 225 896; x_wconf 84' lang='lat' dir='ltr'><strong>am,</strong></span> <span class='ocrx_word' id='word_1_37' title='bbox 265 818 361 878; x_wconf 85' lang='lat' dir='ltr'><strong>vel</strong></span> <span class='ocrx_word' id='word_1_38' title='bbox 391 817 727 896; x_wconf 80' lang='lat' dir='ltr'><strong>diligentiam</strong></span> <span class='ocrx_word' id='word_1_39' title='bbox 743 841 762 878; x_wconf 71' lang='grc' dir='ltr'><strong><em>ε</em></strong></span> <span class='ocrx_word' id='word_1_40' title='bbox 793 817 1035 878; x_wconf 85' lang='lat' dir='ltr'><strong>nostram</strong></span> <span class='ocrx_word' id='word_1_41' title='bbox 1064 815 1326 896; x_wconf 85' lang='lat' dir='ltr'><strong>suffraga-</strong></span> 
     </span>
     <span class='ocr_line' id='line_1_9' title="bbox 107 903 1325 984; baseline 0 -18"><span class='ocrx_word' id='word_1_42' title='bbox 107 910 358 981; x_wconf 86' lang='lat' dir='ltr'><strong>tionem,</strong></span> <span class='ocrx_word' id='word_1_43' title='bbox 379 903 421 964; x_wconf 85' lang='lat' dir='ltr'>fi</span> <span class='ocrx_word' id='word_1_44' title='bbox 436 906 618 964; x_wconf 83' lang='lat' dir='ltr'><strong>minus</strong></span> <span class='ocrx_word' id='word_1_45' title='bbox 634 919 941 984; x_wconf 87' lang='lat' dir='ltr'><strong>potentem,</strong></span> <span class='ocrx_word' id='word_1_46' title='bbox 964 920 1022 964; x_wconf 87' lang='lat' dir='ltr'><strong>at</strong></span> <span class='ocrx_word' id='word_1_47' title='bbox 1037 905 1325 984; x_wconf 80' lang='lat' dir='ltr'><strong>probatam</strong></span> 
     </span>
     <span class='ocr_line' id='line_1_10' title="bbox 105 987 1327 1070; baseline -0.002 -17"><span class='ocrx_word' id='word_1_48' title='bbox 105 1007 328 1067; x_wconf 87' lang='lat' dir='ltr'><strong>tamen,</strong></span> <span class='ocrx_word' id='word_1_49' title='bbox 351 1006 406 1050; x_wconf 90' lang='lat' dir='ltr'><strong>et</strong></span> <span class='ocrx_word' id='word_1_50' title='bbox 421 987 643 1068; x_wconf 82' lang='lat' dir='ltr'><strong>justam,</strong></span> <span class='ocrx_word' id='word_1_51' title='bbox 665 1005 722 1050; x_wconf 87' lang='lat' dir='ltr'><strong>et</strong></span> <span class='ocrx_word' id='word_1_52' title='bbox 743 990 1007 1069; x_wconf 84' lang='lat' dir='ltr'><strong>debitam,</strong></span> <span class='ocrx_word' id='word_1_53' title='bbox 1029 1005 1083 1048; x_wconf 90' lang='lat' dir='ltr'><strong>et</strong></span> <span class='ocrx_word' id='word_1_54' title='bbox 1098 1005 1327 1070; x_wconf 83' lang='lat' dir='ltr'><strong>propte·</strong></span> 
     </span>
     <span class='ocr_line' id='line_1_11' title="bbox 104 1073 1327 1155; baseline -0.002 -15"><span class='ocrx_word' id='word_1_55' title='bbox 104 1099 201 1140; x_wconf 85' lang='lat' dir='ltr'><strong>rea</strong></span> <span class='ocrx_word' id='word_1_56' title='bbox 214 1073 444 1138; x_wconf 67' lang='lat' dir='ltr'><strong>for&#39;tass&#39;e</strong></span> <span class='ocrx_word' id='word_1_57' title='bbox 463 1077 626 1136; x_wconf 88' lang='lat' dir='ltr'><strong>etiam</strong></span> <span class='ocrx_word' id='word_1_58' title='bbox 654 1075 969 1155; x_wconf 86' lang='lat' dir='ltr'><strong>gratiosam.</strong></span> <span class='ocrx_word' id='word_1_59' title='bbox 1018 1075 1135 1135; x_wconf 85' lang='lat' dir='ltr'><strong>dux</strong></span> <span class='ocrx_word' id='word_1_60' title='bbox 1161 1079 1327 1138; x_wconf 79' lang='lat' dir='ltr'><strong>nobis</strong></span> 
     </span>
     <span class='ocr_line' id='line_1_12' title="bbox 99 1161 1326 1244; baseline -0.003 -18"><span class='ocrx_word' id='word_1_61' title='bbox 99 1181 161 1225; x_wconf 90' lang='lat' dir='ltr'><strong>et</strong></span> <span class='ocrx_word' id='word_1_62' title='bbox 177 1169 380 1244; x_wconf 63' lang='lat' dir='ltr'><strong>auster</strong></span> <span class='ocrx_word' id='word_1_63' title='bbox 407 1183 550 1244; x_wconf 81' lang='lat' dir='ltr'><strong>opus</strong></span> <span class='ocrx_word' id='word_1_64' title='bbox 583 1161 678 1240; x_wconf 86' lang='lat' dir='ltr'><strong>est,</strong></span> <span class='ocrx_word' id='word_1_65' title='bbox 703 1179 760 1222; x_wconf 87' lang='lat' dir='ltr'><strong>et</strong></span> <span class='ocrx_word' id='word_1_66' title='bbox 779 1183 971 1223; x_wconf 88' lang='lat' dir='ltr'><strong>eorum</strong></span> <span class='ocrx_word' id='word_1_67' title='bbox 1002 1179 1326 1242; x_wconf 85' lang='lat' dir='ltr'><strong>ventorum,</strong></span> 
     </span>
     <span class='ocr_line' id='line_1_13' title="bbox 105 1248 1329 1334; baseline -0.001 -22"><span class='ocrx_word' id='word_1_68' title='bbox 105 1273 257 1334; x_wconf 83' lang='lat' dir='ltr'><strong>quos</strong></span> <span class='ocrx_word' id='word_1_69' title='bbox 291 1248 581 1331; x_wconf 84' lang='lat' dir='ltr'><strong>proposui,</strong></span> <span class='ocrx_word' id='word_1_70' title='bbox 625 1249 947 1321; x_wconf 81' lang='lat' dir='ltr'><strong>moderator</strong></span> <span class='ocrx_word' id='word_1_71' title='bbox 976 1249 1222 1331; x_wconf 87' lang='lat' dir='ltr'><strong>quidam,</strong></span> <span class='ocrx_word' id='word_1_72' title='bbox 1268 1267 1329 1311; x_wconf 85' lang='lat' dir='ltr'><strong>et</strong></span> 
     </span>
     <span class='ocr_line' id='line_1_14' title="bbox 97 1334 1325 1420; baseline -0.001 -22"><span class='ocrx_word' id='word_1_73' title='bbox 97 1336 260 1420; x_wconf 75' lang='lat' dir='ltr'><strong>quafi</strong></span> <span class='ocrx_word' id='word_1_74' title='bbox 271 1337 640 1420; x_wconf 78' lang='lat' dir='ltr'><strong>gubernator:</strong></span> <span class='ocrx_word' id='word_1_75' title='bbox 651 1339 746 1416; x_wconf 85' lang='lat' dir='ltr'><strong>qui</strong></span> <span class='ocrx_word' id='word_1_76' title='bbox 762 1334 801 1396; x_wconf 83' lang='lat' dir='ltr'><strong>fi</strong></span> <span class='ocrx_word' id='word_1_77' title='bbox 816 1355 889 1397; x_wconf 85' lang='lat' dir='ltr'><strong>ex</strong></span> <span class='ocrx_word' id='word_1_78' title='bbox 904 1339 1163 1398; x_wconf 88' lang='lat' dir='ltr'><strong>omnibus</strong></span> <span class='ocrx_word' id='word_1_79' title='bbox 1178 1357 1325 1397; x_wconf 84' lang='lat' dir='ltr'><strong>unus</strong></span> 
     </span>
     <span class='ocr_line' id='line_1_15' title="bbox 97 1421 1327 1508; baseline -0.002 -23"><span class='ocrx_word' id='word_1_80' title='bbox 97 1423 396 1508; x_wconf 78' lang='lat' dir='ltr'><strong>optandus</strong></span> <span class='ocrx_word' id='word_1_81' title='bbox 411 1421 726 1503; x_wconf 82' lang='lat' dir='ltr'><strong>effet,quem</strong></span> <span class='ocrx_word' id='word_1_82' title='bbox 740 1438 924 1485; x_wconf 85' lang='lat' dir='ltr'><strong>tecum</strong></span> <span class='ocrx_word' id='word_1_83' title='bbox 938 1423 1191 1484; x_wconf 84' lang='lat' dir='ltr'><strong>conferre</strong></span> <span class='ocrx_word' id='word_1_84' title='bbox 1198 1421 1327 1503; x_wconf 85' lang='lat' dir='ltr'><strong>pos-</strong></span> 
     </span>
     <span class='ocr_line' id='line_1_16' title="bbox 103 1508 1324 1592; baseline -0.002 -18"><span class='ocrx_word' id='word_1_85' title='bbox 103 1510 320 1588; x_wconf 84' lang='lat' dir='ltr'><strong>semus,</strong></span> <span class='ocrx_word' id='word_1_86' title='bbox 341 1517 462 1571; x_wconf 84' lang='lat' dir='ltr'><strong>non</strong></span> <span class='ocrx_word' id='word_1_87' title='bbox 477 1513 818 1571; x_wconf 79' lang='lat' dir='ltr'><strong>haberemus.</strong></span> <span class='ocrx_word' id='word_1_88' title='bbox 867 1512 1251 1592; x_wconf 84' lang='lat' dir='ltr'><strong>quamobrem,</strong></span> <span class='ocrx_word' id='word_1_89' title='bbox 1280 1508 1324 1571; x_wconf 84' lang='lat' dir='ltr'><strong>li</strong></span> 
     </span>
     <span class='ocr_line' id='line_1_17' title="bbox 101 1595 1326 1676; baseline -0.004 -15"><span class='ocrx_word' id='word_1_90' title='bbox 101 1619 198 1661; x_wconf 79' lang='lat' dir='ltr'><strong>me</strong></span> <span class='ocrx_word' id='word_1_91' title='bbox 213 1595 580 1672; x_wconf 76' lang='lat' dir='ltr'><strong>memorem,1i</strong></span> <span class='ocrx_word' id='word_1_92' title='bbox 593 1595 875 1676; x_wconf 85' lang='lat' dir='ltr'><strong>gratum,fi</strong></span> <span class='ocrx_word' id='word_1_93' title='bbox 886 1599 1100 1658; x_wconf 88' lang='lat' dir='ltr'><strong>bonum</strong></span> <span class='ocrx_word' id='word_1_94' title='bbox 1116 1597 1326 1672; x_wconf 85' lang='lat' dir='ltr'><strong>virum,</strong></span> 
     </span>
     <span class='ocr_line' id='line_1_18' title="bbox 101 1681 1327 1764; baseline -0.003 -18"><span class='ocrx_word' id='word_1_95' title='bbox 101 1685 296 1746; x_wconf 81' lang='lat' dir='ltr'><strong>velex</strong></span> <span class='ocrx_word' id='word_1_96' title='bbox 310 1688 420 1744; x_wconf 88' lang='lat' dir='ltr'><strong>hoc</strong></span> <span class='ocrx_word' id='word_1_97' title='bbox 435 1681 552 1764; x_wconf 84' lang='lat' dir='ltr'><strong>ipso</strong></span> <span class='ocrx_word' id='word_1_98' title='bbox 576 1683 731 1763; x_wconf 87' lang='lat' dir='ltr'><strong>quod</strong></span> <span class='ocrx_word' id='word_1_99' title='bbox 753 1699 868 1742; x_wconf 87' lang='lat' dir='ltr'><strong>tam</strong></span> <span class='ocrx_word' id='word_1_100' title='bbox 880 1687 1236 1743; x_wconf 83' lang='lat' dir='ltr'><strong>vehementer</strong></span> <span class='ocrx_word' id='word_1_101' title='bbox 1256 1681 1327 1742; x_wconf 90' lang='lat' dir='ltr'><strong>de</strong></span> 
     </span>
     <span class='ocr_line' id='line_1_19' title="bbox 105 1765 1328 1848; baseline -0.006 -15"><span class='ocrx_word' id='word_1_102' title='bbox 105 1771 332 1835; x_wconf 87' lang='lat' dir='ltr'><strong>Milone</strong></span> <span class='ocrx_word' id='word_1_103' title='bbox 347 1770 612 1847; x_wconf 86' lang='lat' dir='ltr'><strong>laborem,</strong></span> <span class='ocrx_word' id='word_1_104' title='bbox 627 1767 935 1830; x_wconf 84' lang='lat' dir='ltr'><strong>existimare</strong></span> <span class='ocrx_word' id='word_1_105' title='bbox 946 1785 1106 1848; x_wconf 80' lang='lat' dir='ltr'><strong>potes</strong></span> <span class='ocrx_word' id='word_1_106' title='bbox 1121 1790 1137 1828; x_wconf 72' lang='grc' dir='ltr'><em>ε</em></span> <span class='ocrx_word' id='word_1_107' title='bbox 1154 1765 1195 1828; x_wconf 86' lang='lat' dir='ltr'><strong>fi</strong></span> <span class='ocrx_word' id='word_1_108' title='bbox 1210 1767 1328 1848; x_wconf 84' lang='lat' dir='ltr'><strong>dig-</strong></span> 
     </span>
     <span class='ocr_line' id='line_1_20' title="bbox 105 1854 1323 1936; baseline -0.001 -18"><span class='ocrx_word' id='word_1_109' title='bbox 105 1879 247 1918; x_wconf 86' lang='lat' dir='ltr'><strong>num</strong></span> <span class='ocrx_word' id='word_1_110' title='bbox 265 1857 506 1936; x_wconf 83' lang='lat' dir='ltr'><strong>denique</strong></span> <span class='ocrx_word' id='word_1_111' title='bbox 521 1858 632 1916; x_wconf 85' lang='lat' dir='ltr'><strong>tuis</strong></span> <span class='ocrx_word' id='word_1_112' title='bbox 645 1854 925 1917; x_wconf 77' lang='lat' dir='ltr'><strong>beneficiis</strong></span> <span class='ocrx_word' id='word_1_113' title='bbox 935 1855 1153 1934; x_wconf 84' lang='lat' dir='ltr'><strong>judicas</strong></span> <span class='ocrx_word' id='word_1_114' title='bbox 1168 1877 1186 1916; x_wconf 74' lang='lat' dir='ltr'><strong>t</strong></span> <span class='ocrx_word' id='word_1_115' title='bbox 1211 1859 1323 1917; x_wconf 87' lang='lat' dir='ltr'><strong>hoc</strong></span> 
     </span>
     <span class='ocr_line' id='line_1_21' title="bbox 109 1941 1323 2026; baseline -0.003 -22"><span class='ocrx_word' id='word_1_116' title='bbox 109 1961 214 2020; x_wconf 85' lang='lat' dir='ltr'><strong>ate</strong></span> <span class='ocrx_word' id='word_1_117' title='bbox 229 1960 390 2026; x_wconf 80' lang='lat' dir='ltr'><strong>peto,</strong></span> <span class='ocrx_word' id='word_1_118' title='bbox 419 1957 485 2002; x_wconf 87' lang='lat' dir='ltr'><strong>ut</strong></span> <span class='ocrx_word' id='word_1_119' title='bbox 499 1942 786 2003; x_wconf 80' lang='lat' dir='ltr'><strong>subvenias</strong></span> <span class='ocrx_word' id='word_1_120' title='bbox 809 1943 939 2003; x_wconf 88' lang='lat' dir='ltr'><strong>huic</strong></span> <span class='ocrx_word' id='word_1_121' title='bbox 953 1963 1101 2002; x_wconf 90' lang='lat' dir='ltr'><strong>meae</strong></span> <span class='ocrx_word' id='word_1_122' title='bbox 1119 1941 1323 2003; x_wconf 88' lang='lat' dir='ltr'><strong>sollici·</strong></span> 
     </span>
     <span class='ocr_line' id='line_1_22' title="bbox 105 2023 1323 2106; baseline -0.001 -15"><span class='ocrx_word' id='word_1_123' title='bbox 105 2031 323 2105; x_wconf 87' lang='lat' dir='ltr'><strong>tudini,</strong></span> <span class='ocrx_word' id='word_1_124' title='bbox 351 2044 418 2089; x_wconf 86' lang='lat' dir='ltr'><strong>ut</strong></span> <span class='ocrx_word' id='word_1_125' title='bbox 431 2031 558 2089; x_wconf 79' lang='lat' dir='ltr'><strong>huic</strong></span> <span class='ocrx_word' id='word_1_126' title='bbox 573 2023 721 2089; x_wconf 83' lang='lat' dir='ltr'><strong>meae</strong></span> <span class='ocrx_word' id='word_1_127' title='bbox 735 2029 905 2106; x_wconf 83' lang='lat' dir='ltr'><strong>laudi,</strong></span> <span class='ocrx_word' id='word_1_128' title='bbox 926 2029 1016 2089; x_wconf 77' lang='lat' dir='ltr'><strong>vel</strong></span> <span class='ocrx_word' id='word_1_129' title='bbox 1032 2029 1124 2100; x_wconf 88' lang='lat' dir='ltr'><strong>(ut</strong></span> <span class='ocrx_word' id='word_1_130' title='bbox 1138 2031 1323 2090; x_wconf 73' lang='lat' dir='ltr'><strong>verius</strong></span> 
     </span>
     <span class='ocr_line' id='line_1_23' title="bbox 109 2113 1322 2197; baseline -0.001 -20"><span class='ocrx_word' id='word_1_131' title='bbox 109 2118 326 2194; x_wconf 83' lang='lat' dir='ltr'><strong>dicam)</strong></span> <span class='ocrx_word' id='word_1_132' title='bbox 355 2135 530 2197; x_wconf 78' lang='lat' dir='ltr'><strong>prope</strong></span> <span class='ocrx_word' id='word_1_133' title='bbox 547 2113 708 2174; x_wconf 78' lang='lat' dir='ltr'><strong>saluti</strong></span> <span class='ocrx_word' id='word_1_134' title='bbox 729 2129 887 2175; x_wconf 88' lang='lat' dir='ltr'><strong>tuum</strong></span> <span class='ocrx_word' id='word_1_135' title='bbox 903 2113 1134 2175; x_wconf 86' lang='lat' dir='ltr'><strong>studium</strong></span> <span class='ocrx_word' id='word_1_136' title='bbox 1150 2115 1322 2176; x_wconf 72' lang='lat' dir='ltr'><strong>dices,</strong></span> 
     </span>
     <span class='ocr_line' id='line_1_24' title="bbox 106 2199 1325 2284; baseline -0.001 -21"><span class='ocrx_word' id='word_1_137' title='bbox 106 2203 180 2263; x_wconf 86' lang='lat' dir='ltr'><strong>de</strong></span> <span class='ocrx_word' id='word_1_138' title='bbox 195 2202 319 2284; x_wconf 86' lang='lat' dir='ltr'><strong>ipso</strong></span> <span class='ocrx_word' id='word_1_139' title='bbox 341 2207 429 2262; x_wconf 87' lang='grc' dir='ltr'><strong>Τ.</strong></span> <span class='ocrx_word' id='word_1_140' title='bbox 456 2203 651 2262; x_wconf 87' lang='lat' dir='ltr'><strong>Annio</strong></span> <span class='ocrx_word' id='word_1_141' title='bbox 674 2217 887 2261; x_wconf 79' lang='lat' dir='ltr'><strong>tantum</strong></span> <span class='ocrx_word' id='word_1_142' title='bbox 912 2199 1011 2261; x_wconf 88' lang='lat' dir='ltr'><strong>tibi</strong></span> <span class='ocrx_word' id='word_1_143' title='bbox 1032 2201 1325 2284; x_wconf 80' lang='lat' dir='ltr'><strong>polliceor,</strong></span> 
     </span>
     <span class='ocr_line' id='line_1_25' title="bbox 111 2287 1324 2368; baseline -0.002 -20"><span class='ocrx_word' id='word_1_144' title='bbox 111 2304 168 2348; x_wconf 90' lang='lat' dir='ltr'><strong>te</strong></span> <span class='ocrx_word' id='word_1_145' title='bbox 181 2289 418 2368; x_wconf 76' lang='lat' dir='ltr'><strong>majoris</strong></span> <span class='ocrx_word' id='word_1_146' title='bbox 433 2288 629 2362; x_wconf 77' lang='lat' dir='ltr'><strong>animi,</strong></span> <span class='ocrx_word' id='word_1_147' title='bbox 643 2289 953 2366; x_wconf 81' lang='lat' dir='ltr'><strong>gravitatis,</strong></span> <span class='ocrx_word' id='word_1_148' title='bbox 963 2287 1324 2364; x_wconf 82' lang='lat' dir='ltr'><strong>constantiae,</strong></span> 
     </span>
     <span class='ocr_line' id='line_1_26' title="bbox 103 2374 1327 2456; baseline -0.002 -22"><span class='ocrx_word' id='word_1_149' title='bbox 103 2375 647 2456; x_wconf 78' lang='lat' dir='ltr'><strong>benevolentiaeque</strong></span> <span class='ocrx_word' id='word_1_150' title='bbox 673 2394 803 2454; x_wconf 78' lang='lat' dir='ltr'><strong>erga</strong></span> <span class='ocrx_word' id='word_1_151' title='bbox 837 2389 917 2452; x_wconf 85' lang='lat' dir='ltr'><strong>te,</strong></span> <span class='ocrx_word' id='word_1_152' title='bbox 958 2374 1000 2434; x_wconf 86' lang='lat' dir='ltr'>fi</span> <span class='ocrx_word' id='word_1_153' title='bbox 1036 2374 1327 2453; x_wconf 65' lang='lat' dir='ltr'><strong>comple&amp;</strong></span> 
     </span>
     <span class='ocr_line' id='line_1_27' title="bbox 107 2459 1325 2536; baseline -0.002 -16"><span class='ocrx_word' id='word_1_154' title='bbox 107 2460 686 2536; x_wconf 33' lang='lat' dir='ltr'><strong>hominm-volueris,</strong></span> <span class='ocrx_word' id='word_1_155' title='bbox 699 2463 1012 2522; x_wconf 84' lang='lat' dir='ltr'><strong>habiturum</strong></span> <span class='ocrx_word' id='word_1_156' title='bbox 1028 2459 1131 2521; x_wconf 69' lang='lat' dir='ltr'><strong>elle</strong></span> <span class='ocrx_word' id='word_1_157' title='bbox 1149 2461 1325 2518; x_wconf 82' lang='lat' dir='ltr'><strong>nemi-</strong></span> 
     </span>
     <span class='ocr_line' id='line_1_28' title="bbox 111 2539 1327 2626; baseline -0.002 -17"><span class='ocrx_word' id='word_1_158' title='bbox 111 2567 269 2612; x_wconf 82' lang='lat' dir='ltr'><strong>nem.</strong></span> <span class='ocrx_word' id='word_1_159' title='bbox 307 2539 450 2614; x_wconf 55' lang='lat' dir='ltr'><strong>mihi</strong></span> <span class='ocrx_word' id='word_1_160' title='bbox 463 2547 602 2610; x_wconf 73' lang='lat' dir='ltr'><strong>vero</strong></span> <span class='ocrx_word' id='word_1_161' title='bbox 619 2562 834 2610; x_wconf 79' lang='lat' dir='ltr'><strong>tantum</strong></span> <span class='ocrx_word' id='word_1_162' title='bbox 848 2546 1085 2626; x_wconf 75' lang='lat' dir='ltr'><strong>decoris,</strong></span> <span class='ocrx_word' id='word_1_163' title='bbox 1104 2561 1327 2606; x_wconf 83' lang='lat' dir='ltr'><strong>tantum</strong></span> 
     </span>
     <span class='ocr_line' id='line_1_29' title="bbox 662 2642 806 2699; baseline 0.021 -3"><span class='ocrx_word' id='word_1_164' title='bbox 662 2642 718 2696; x_wconf 92' lang='lat' dir='ltr'>D</span> <span class='ocrx_word' id='word_1_165' title='bbox 769 2655 806 2699; x_wconf 88' lang='lat'><em>2</em></span> 
     </span>
    </p>
   </div>
  </div>
 </body>
</html>
