1700 3059
414 207 525 266 ΕΡ
550 208 578 262 1
600 207 635 260 s
656 205 737 262 T.
790 219 930 262 mn.
953 219 1088 266 vu.
1216 217 1336 280 325

129 299 489 381 reipublicae,
520 321 683 381 qmm
714 299 958 380 quidem,
991 300 1246 379 quamvis
1272 301 1338 360 in

128 409 225 450 me
246 389 463 464 ingrata
482 387 567 464 fit,
596 407 777 446 amare
804 407 924 446 non
949 383 1206 446 defluam.
1255 401 1341 462 tu,

132 475 216 532 mi
233 472 530 547 Volumni,
547 473 769 552 quando
786 487 840 530 et
857 470 1149 545 instituisti,
1164 485 1220 530 et
1233 473 1340 530 mi·-

133 560 198 616 hi
213 557 367 617 vides
390 557 493 618 effi:
514 573 753 636 gratum,
777 556 948 617 scribe
968 557 1039 618 ad
1059 576 1148 615 me
1169 577 1341 636 quam

126 643 419 723 saepissime
434 643 500 702 de
514 646 673 703 rebus
688 643 938 716 urbanis„
960 642 1026 701 de
1043 640 1341 720 republica.
1409 693 1414 698 .

120 727 411 807 jucundus
440 728 517 788 est
546 730 680 787 mihi
710 726 884 786 sermo
907 727 1190 787 literarum
1214 742 1335 786 tua·

128 834 282 876 rum.
328 830 604 892 praeterea
636 813 1006 888 Dolabellam,
1036 829 1202 892 quem
1231 833 1339 891 ego

130 897 408 984 perspicio
422 916 479 958 et
494 900 687 979 judico
716 897 1110 978 cupidisfimum
1133 895 1234 958 effe
1257 913 1342 959 at-

132 1005 249 1066 que
257 987 673 1046 amantiffimum
686 987 817 1059 mei,
830 986 1122 1044 cohortare
1135 999 1190 1042 et
1205 1005 1343 1044 con-

134 1071 317 1146 firma,
332 1086 389 1130 et
402 1071 565 1131 tedde
580 1071 740 1151 plane
756 1090 959 1130 meum.
993 1090 1112 1128 non
1129 1071 1343 1128 meher-

136 1155 262 1224 cule
278 1174 391 1233 quo
412 1156 714 1236 quidquam
744 1153 896 1231 defit,
927 1152 1018 1213 sed
1042 1156 1172 1234 quia
1187 1153 1342 1214 valde

137 1243 331 1321 cupio,
354 1262 472 1302 non
489 1241 680 1303 videor
694 1243 932 1302 nimium
951 1239 1220 1302 laborare.
1243 1261 1343 1300 va-

137 1327 213 1390 le.
260 1379 297 1426 .-

146 1555 155 1568 ,
260 1519 622 1561 M.01cssno
656 1519 1035 1560 νοιυΜΝιο
1068 1520 1120 1558 5.
1155 1519 1230 1559 ι).

48 1581 109 1624 33
225 1585 393 1662 Quod
423 1585 910 1646 declamationibus
945 1584 1144 1644 nostris
1173 1604 1347 1661 cares,

139 1669 328 1732 damni
345 1672 479 1730 nihil
492 1671 645 1731 [heis.
668 1671 822 1750 quod
839 1672 1026 1730 Hirtio
1042 1670 1345 1747 invidereS,

138 1753 245 1814 nifi
259 1776 383 1815 eum
399 1777 632 1830 amares,
655 1778 773 1814 non
786 1772 904 1814 erat
917 1753 1074 1814 causa
1086 1755 1344 1814 inviden-

140 1841 233 1900 di:
276 1841 375 1900 nifi
410 1841 553 1900 forte
584 1843 743 1922 ipsius
766 1841 1114 1920 eloquentiae
1145 1843 1346 1918 magis,

140 1945 309 2006 quam
332 1927 483 2004 quod
504 1948 591 1986 me
620 1928 852 1999 audiret,
892 1925 1186 1986 invideres.
1235 1947 1344 1984 nos

139 2013 289 2070 enim
306 2010 485 2089 plane,
508 2014 584 2070 mi
614 2011 904 2070 suavissime
927 2009 1223 2085 Volumni,
1245 2026 1346 2070 aut

137 2098 292 2158 nihil·
310 2096 515 2170 sumus,
540 2113 635 2155 aut
666 2099 831 2155 nobis
859 2096 1077 2176 quidem
1099 2093 1222 2176 ipsis
1237 2093 1346 2158 dis-

102 2235 119 2254 ,
137 2181 429 2261 plicemus,
442 2183 745 2260 gregalibus
763 2182 871 2240 illis
878 2183 1094 2261 ‚quibus
1100 2198 1176 2254 ,te
1191 2181 1346 2262 plau·

139 2267 329 2339 dente,
358 2270 697 2345 vigebamuS,
728 2267 956 2326 amissis:
991 2284 1052 2326 ut
1084 2270 1272 2341 etiam,
1306 2266 1347 2328 fi

141 2351 369 2432 quando
384 2353 591 2431 aliquid
607 2352 833 2429 dignum
850 2350 1035 2411 nostro
1054 2355 1281 2412 nomine
1293 2343 1346 2412 e-

140 2436 837 2516 mifimusjngemiscamm,
857 2437 1008 2515 quod
1025 2437 1189 2507 haeq‘
1207 2457 1345 2518 pen-

144 2521 166 2556 ‘
189 2526 407 2606 nigei-o,
439 2543 557 2584 non
590 2525 861 2602 armigero
891 2526 952 2581 in
983 2535 1216 2603 corpore
1238 2523 1345 2583 tela
