1700 3059
318 153 437 202 120
524 135 651 193 AD
696 129 1314 192 FAMILIARES

297 250 413 296 tem
428 234 558 308 mei,
582 229 961 292 neceffarium.
1005 232 1104 290 ubi
1117 234 1268 291 enim
1287 251 1410 310 ego
1427 229 1562 292 cui’·
1638 231 1639 284 ἔ

300 341 470 402 quam
484 319 750 398 legationi
766 319 844 376 fui
862 319 1260 398 impedimento
1264 339 1422 398 ,quo
1439 319 1557 378 mi·
1638 327 1639 344 ³

1637 287 1639 326 4

303 427 413 468 nus
431 414 666 466 Romam
681 405 751 464 ad
764 403 983 464 laudem
1001 420 1152 464 tuam
1175 405 1550 465 mitteretur?
1638 417 1639 428 *

302 495 475 553 autin
490 511 604 572 quo
621 493 801 572 potui,
820 491 860 550 fi
877 507 930 550 te
945 491 1124 571 palam
1139 489 1412 568 odissem,
1436 493 1550 552 mi·
1638 499 1639 528 ³

304 601 435 654 nus,
458 579 613 657 quod
644 579 746 638 tibi
776 576 1006 650 obeffet,
1041 577 1251 637 facere?
1287 577 1332 638 fi
1369 579 1547 654 clam,

304 669 481 744 magis
498 679 685 746 aperte
700 665 957 724 inimicus
973 661 1106 723 ess'e?
1131 664 1291 741 quod
1307 663 1355 724 fi
1371 663 1544 724 essem

306 773 371 811 m
392 751 641 831 perfidia,
672 757 783 830 qu‘a
810 749 938 810 sunt
969 751 1032 825 ii,
1056 752 1241 828 quiin
1265 771 1388 810 nos
1407 755 1546 811 haee

308 837 641 900 conferunt:
668 853 852 896 tamen
881 857 944 896 ea
973 835 1202 896 stultitia
1223 855 1386 896 certe
1417 857 1544 898 non

309 924 542 998 fuiss'em,
572 939 635 982 ut
664 938 759 982 aut
789 925 852 982 in
873 921 1108 983 obscuro
1139 923 1278 984 odio
1309 939 1542 1005 apertas

308 1013 655 1086 inimicitias„
680 1025 777 1069 aut
804 1012 867 1069 in
892 1029 1010 1089 quo
1042 1011 1145 1069 tibi
1177 1011 1325 1070 nihil
1365 1031 1543 1072 noce·
1638 1029 1639 1034 ’

312 1119 448 1174 rem,
494 1097 759 1157 summam
798 1095 1139 1157 ostenderem
1175 1097 1540 1172 voluntatem

312 1184 575 1248 nocendi.
622 1183 692 1243 ad
706 1204 796 1243 me
817 1182 966 1244 adire
989 1182 1263 1264 quosdam
1279 1187 1540 1262 memini,

301 1275 416 1354 ⁴qui
438 1271 704 1345 dicerent,
728 1271 896 1330 nimis
920 1291 1158 1348 magnos
1181 1268 1438 1352 sumptus
1460 1271 1537 1331 le·

317 1362 458 1438 gatis
475 1358 720 1418 decerni:
746 1359 949 1436 quibus
965 1376 1070 1434 ego
1087 1377 1207 1416 non
1225 1373 1343 1417 tam
1361 1361 1536 1440 impe-

318 1449 459 1522 ravi,
484 1465 648 1525 quam
664 1441 870 1518 censui,
891 1442 1138 1524 sumptus
1155 1443 1355 1522 legatis
1371 1465 1534 1526 quam

316 1536 554 1595 maxime
575 1530 645 1590 ad
668 1531 843 1609 legem
874 1530 1196 1590 Corneliam
1228 1531 1530 1592 decernen-

318 1619 448 1682 dos,
482 1635 645 1697 atque
660 1620 721 1677 in
738 1637 803 1676 eo
821 1614 939 1696 ipso
953 1637 1041 1676 me
1055 1637 1175 1676 non
1196 1615 1530 1697 perseveras-

318 1705 373 1766 se
391 1706 545 1766 testes
569 1704 694 1789 sunt
724 1705 967 1763 rationes
991 1705 1301 1779 civitatum,
1333 1707 1394 1764 in
1410 1707 1526 1786 qui·-

298 1797 448 1869 ,bu3‚
492 1805 759 1870 quantum
800 1809 1054 1870 quaeque
1085 1790 1291 1866 voluit,
1335 1791 1522 1870 legatis

320 1882 431 1941 tuis
442 1879 629 1939 datum
645 1876 950 1936 induxit.te
966 1891 1148 1936 autem
1165 1879 1364 1956 quibus
1379 1899 1523 1938 men·

320 1967 488 2030 daciis
504 1967 759 2025 homines
778 1963 1022 2022 levissimi
1037 1967 1374 2024 onerarunt?
1407 1985 1518 2026 non

320 2053 493 2117 modo
514 2050 755 2112 sublatos
772 2049 1044 2130 sumptus,
1059 2048 1150 2110 sed
1171 2052 1336 2111 etiam
1350 2073 1380 2112 a
1397 2072 1515 2133 pro-

322 2141 671 2202 curatoribus
694 2157 912 2210 corum,
937 2138 1032 2215 qui
1055 2136 1176 2215 jam
1198 2137 1424 2217 profecti
1441 2137 1514 2199 es-

321 2227 467 2303 sent,
504 2226 765 2304 repetitos
794 2237 850 2282 et
880 2223 1116 2297 ablatos,
1147 2243 1380 2304 eamque
1397 2247 1514 2288 cans-

324 2314 439 2374 sam
474 2313 660 2373 multis
698 2311 936 2368 omnino
975 2329 1096 2369 non
1140 2310 1314 2371 eundi
1353 2310 1512 2374 fuifl'e.¹

324 2416 581 2477 quererer
606 2411 809 2467 tecum,
836 2409 1002 2472 atque
1023 2394 1438 2474 expostularem,
1458 2399 1513 2459 ni

324 2481 423 2554 (ut
437 2481 595 2564 supra
615 2477 829 2560 scripfi)
847 2500 1080 2560 purgare
1095 2502 1184 2544 me
1199 2483 1300 2544 tibi
1313 2487 1410 2548 hoc
1426 2500 1514 2550 tuo
