1700 3059
460 163 788 224 EPIST.
843 181 979 224 na.
1020 173 1124 223 vx.
1275 169 1407 236 257¹

194 260 328 338 lem,
354 279 644 342 recuperas
675 261 957 322 fortunam
986 278 1046 322 et
1071 262 1399 341 dignitatem

195 363 372 423 tuam,
395 349 531 408 mihi
561 369 681 409 non
705 349 915 408 minori
938 369 1097 410 curae
1112 348 1209 425 est,
1234 368 1400 428 quam

195 435 300 495 tibi
327 434 538 515 semper
565 434 786 495 fixerunt
799 434 951 496 casus
966 440 1095 498 mei.
1143 439 1329 516 itaque
1342 447 1402 494 et
1514 471 1531 478 -

193 521 606 597 PostumulenO,
631 539 686 581 et
700 521 891 594 Sestio,
920 539 977 582 et
989 521 1279 604 saepissime
1294 529 1401 581 At·

194 609 312 669 tico
327 607 540 684 nostro,
555 610 919 689 proximeque
933 610 1222 686 Theudae,
1231 610 1401 669 liber-

192 709 258 754 to
281 710 405 769 tun,
445 710 627 755 totum
657 715 746 756 me
775 695 1034 776 patefeci3
1064 713 1120 756 et
1149 699 1281 756 haec
1310 697 1404 758 his

188 779 416 860 fingulia
433 781 586 864 saepe
601 781 1075 862 dixi‚quacunque
1093 803 1153 842 re
1166 775 1399 864 pbss'em,

192 887 288 929 me
301 871 404 929 tibi
427 883 483 928 et
495 869 685 928 liberis
706 871 818 929 tuis
833 868 1143 930 satisfacere
1156 890 1355 952 cupere
1374 883 1405 931 τ’

189 953 362 1035 idque
377 971 438 1014 tu
453 955 522 1015 ad
538 970 668 1016 tuos
683 955 849 1016 velim
864 953 1063 1016 scribas
1077 977 1093 1016 ε
1116 959 1251 1016 haec
1270 958 1402 1035 qui-

189 1042 320 1102 dem
349 1057 522 1118 certe,
543 1063 688 1122 quae
713 1044 773 1102 in
803 1041 1073 1123 potestate
1086 1063 1212 1103 mea
1244 1041 1404 1120 sunt,'

189 1143 260 1188 ut
273 1149 526 1208 operam,
550 1128 858 1207 confilium,
884 1149 1019 1205 rem,
1040 1129 1204 1190 fidem
1220 1143 1407 1190 meam‘
1430 1171 1439 1178 ·

185 1213 288 1276 fibi
301 1214 374 1275 ad
389 1234 582 1276 omnes
599 1237 688 1276 res
701 1231 891 1297 parata
904 1217 1123 1297 putentss
1154 1215 1193 1276 fi
1210 1221 1400 1276 aneste-

187 1303 424 1362 ritateet
439 1305 616 1382 gratia
636 1319 855 1364 tantum
870 1303 1097 1384 poffim,
1122 1319 1397 1384 quantum

185 1390 252 1448 in
267 1409 334 1448 ea
347 1389 646 1470 republica,·
673 1389 741 1450 de
774 1411 883 1470 qua
908 1392 987 1450 ita
1008 1393 1236 1456 meritus
1254 1390 1399 1466 sum,

184 1475 340 1555 poffe
353 1475 631 1549 deberem
650 1491 710 1536 tu
727 1497 951 1557 quoque
965 1479 1013 1536 ia
1027 1477 1181 1553 effla,
1194 1479 1289 1557 qui
1304 1477 1400 1537 fu-

184 1561 298 1638 isti,
321 1584 446 1624 cum
459 1568 618 1624 omni
631 1563 804 1642 gradu
822 1564 1145 1645 amplissimo
1156 1564 1397 1642 dignisfi·

181 1669 340 1726 mua,
371 1666 490 1710 tum
521 1665 666 1710 certe
695 1650 908 1711 ordinis
940 1653 1021 1710 tui
1050 1650 1207 1711 facile
1236 1653 1401 1732 prin-

185 1757 358 1816 ceps...
385 1733 476 1796 sed
505 1757 632 1797 cum
655 1737 849 1798 eodem
880 1753 1149 1818 tempore,
1181 1738 1397 1797 eadem·

187 1844 302 1902 que
331 1822 398 1882 de
428 1822 606 1900 causa,
636 1823 885 1884 nostrfim
916 1841 1147 1906 uterque
1175 1823 1407 1900 cecidit„

184 1910 290 1968 tibi
313 1927 370 1968 et
392 1910 488 1970 ina
517 1911 802 1990 polliceor,
828 1932 972 1991 quae
998 1910 1159 1994 supra
1188 1909 1395 1991 scripfi5

183 2016 328 2075 quae
345 1995 472 2056 sunt
487 1997 664 2056 adhue
685 2019 836 2058 mea:
862 2015 921 2058 et
948 2019 1033 2074 ea,
1074 2018 1217 2077 quae
1235 2017 1402 2077 prae-

183 2097 340 2142 terea
355 2081 550 2144 videor
573 2086 705 2144 mihi
727 2105 800 2144 ex
815 2085 1007 2166 aliqua*
1019 2099 1175 2166 parte
1188 2085 1407 2145 retine-'
1449 2115 1455 2121 ·

181 2189 270 2244 re,
296 2185 562 2249 tanquam
577 2191 652 2230 ex
665 2171 913 2250 reliquiis
930 2171 1191 2250 pristinae
1204 2171 1398 2249 digni·

181 2258 338 2316 tatia.
386 2277 566 2335 neque
578 2257 730 2316 enim
745 2257 875 2338 ipse=
888 2257 1104 2334 Caessr,
1126 2273 1187 2317 ut
1202 2256 1399 2318 multis

179 2345 345 2402 rebus
379 2343 686 2421 intelligere
717 2345 898 2424 potui,
916 2343 993 2404 est
1010 2345 1217 2404 alienus
1234 2365 1267 2402 a
1282 2340 1398 2404 rso-

179 2431 293 2501 biz,
315 2429 712 2490 nonanes-‚fere
731 2430 1117 2492 familiariffimi
1132 2431 1277 2508 ejus,
1299 2450 1403 2490 ca·-

177 2513 240 2576 fi:
267 2515 505 2580 devinffi
521 2520 738 2598 magnis
753 2519 899 2581 meis
921 2520 1201 2581 veteribus
1218 2515 1401 2580 offici·
