1700 3059
266 136 391 215 336
486 139 611 195 AD
662 137 1270 195 EAMILIARES

274 238 347 297 ad
376 238 677 297 exereitum
709 236 1000 313 Pompeius
1033 249 1156 293 erat
1184 236 1368 293 iturus
1385 256 1404 293 t
1437 249 1500 295 et

274 322 455 383 statim
470 323 556 381 iit.
602 336 741 401 puto
763 320 899 379 idib.
921 318 1118 379 sextil.
1137 319 1210 378 de
1225 340 1289 377 ea
1306 340 1364 378 te
1377 320 1500 379 fac

276 424 397 467 tum
414 409 505 466 iri.
536 406 787 486 prosetsto
802 420 898 463 aut
912 403 1248 481 transxgetur
1261 405 1504 484 aliquid,

276 508 373 553 aut
389 494 620 573 turpiter
635 488 1026 550 intercedemr.
1075 511 1210 549 nam
1225 493 1290 549 in
1307 490 1502 571 dispu-

278 577 455 637 tando
468 578 709 653 conjecit
724 574 870 635 illam
885 596 1082 634 vocem
1101 582 1216 635 Cn.
1238 580 1508 657 Pompei·

278 684 371 737 us,
396 662 633 721 ‘omnes
648 677 906 743 oportere
929 659 1140 721 senatui
1165 661 1322 720 dieto
1339 662 1506 723 audi-

278 750 303 783 ‘
324 764 483 809 entes
500 744 645 807 effe)
690 768 795 823 ego
818 761 1006 805 tamen
1033 744 1106 805 fic
1121 745 1270 805 nihil
1289 768 1508 829 expec-

256 850 370 909 =to,
390 853 505 911 quo
523 832 693 893 modo
710 832 936 891 Paulum
951 830 1234 891 consulem
1251 831 1512 913 defigun-

284 936 403 980 mm
424 920 665 998 primum
688 915 1014 975 sententiam
1033 917 1344 977 dicentem.
1397 917 1528 979 sae-'

178 1012 185 1019 ‘
284 1006 408 1085 pius
439 1019 495 1063 te
510 1002 783 1063 admoneo
805 1002 874 1061 de
896 1000 1212 1079 syngrapha
1239 1003 1514 1063 Sittiana.

286 1090 453 1169 cupio
466 1090 613 1149 enim
630 1104 685 1147 te
706 1086 1034 1164 intelligere,
1053 1108 1173 1145 eam
1191 1108 1312 1147 rem
1331 1088 1408 1149 ad
1425 1110 1516 1149 me

288 1172 449 1237 valde
476 1174 769 1253 pertinere.
817 1173 948 1233 item
985 1170 1054 1231 de
1088 1176 1418 1251 pantheris,
1451 1190 1516 1233 ut

292 1262 583 1339 Cybiratas
608 1256 856 1333 arcess‘aS,
877 1254 1140 1335 curesque
1171 1260 1316 1317 mihi
1331 1276 1400 1319 ut
1414 1282 1515 1321 ve·

292 1350 518 1407 bantur.
566 1360 846 1423 praeterea
873 1344 1194 1403 nuntiatum
1233 1346 1516 1421 nobis.‚et

294 1450 401 1513 pro
414 1445 567 1490 certo
576 1430 695 1507 jam
711 1430 1149 1505 habetur,regem
1167 1430 1514 1491 Alexandri·

296 1538 433 1579 num
448 1530 749 1574 mortuum.
797 1512 928 1593 quid
945 1516 1081 1573 mihi
1095 1510 1350 1591 suadeas,
1365 1538 1514 1596 quo-

296 1600 468 1663 modo
484 1620 714 1677 regnum
730 1600 864 1659 illud
880 1596 932 1657 se
946 1601 1296 1678 habeat‚quis
1313 1624 1516 1680 procu

298 1703 407 1765 ret,
425 1686 710 1765 diligenter
732 1687 868 1745 mihi
888 1680 1206 1765 petscribas.
1225 1686 1344 1746 kal.
1377 1696 1508 1748 Sex.

503 1876 813 1917 cnutus
855 1874 1204 1919 cxcEnonx
1251 1878 1308 1918 s,

390 1950 514 2019 Qua
540 1957 603 2001 tu
626 1962 754 2001 cura
783 1940 875 2015 fis,
903 1940 1056 2021 quod
1077 1942 1150 2005 ad
1159 1963 1356 2021 pacem
1376 1964 1500 2023 pro·
1523 1970 1551 2017 5

302 2030 519 2091 vinciae
562 2042 707 2101 tuae,
728 2026 1194 2105 finitimarumque
1218 2030 1504 2105 regionum

304 2115 525 2187 attinet,
568 2111 786 2177 nescio=
824 2134 929 2190 ego
960 2112 1178 2191 quidem
1216 2117 1506 2178 vehemen-

306 2216 393 2265 ter
424 2200 595 2257 animi
636 2198 873 2277 pendeo.
939 2218 1065 2257 nam
1100 2196 1142 2255 fi
1171 2200 1281 2257 hoc
1317 2201 1505 2263 mode·

308 2287 419 2346 rari
450 2280 739 2365 poffiemus,
778 2298 841 2343 ut
861 2302 967 2361 pro
993 2284 1204 2347 viribus
1227 2287 1504 2364 copiarum

306 2384 523 2427 tuarum
550 2368 677 2425 belli
706 2388 931 2445 quoque
961 2366 1210 2431 existeret
1233 2373 1504 2448 magnitu-

300 2450 403 2529 do,
432 2466 511 2529 et,
530 2468 801 2533 quantum
812 2450 1023 2533 gloriae
1039 2454 1430 2541 triumphoque
1443 2476 1507 2543 og
