1700 3059
326 144 453 223 284
542 146 669 205 An
712 148 1318 208 umam-RES

322 246 649 309 emissarium
662 246 874 329 semper
885 248 1026 333 fore,
1049 254 1419 331 quasnobrem
1427 250 1546 313 val-

322 332 395 395 δε
401 336 573 413 jubeo
587 334 819 412 gaudere
834 351 914 397 te.
957 358 1159 415 magna
1175 358 1264 398 res
1279 338 1434 417 gesta
1447 339 1544 400 est.
1626 386 1634 393 .

320 440 611 501 nunquam
644 420 741 481 uui
778 421 1042 483 fortiores
1079 425 1232 485 cives
1279 425 1545 501 fuerunt,

320 528 489 588 quam
503 510 603 587 qui
616 505 729 569 anfi
748 507 880 569 sunt
899 530 1028 569 eum
1049 526 1250 570 eontra
1263 527 1464 572 tantas
1479 534 1546 573 ο-

321 614 423 677 pes
444 596 589 673 ejus,
618 616 651 655 a
680 615 797 674 quo
818 594 915 675 ipfi
947 595 1071 655 leffi
1097 598 1314 675 judices
1347 615 1533 675 erant,

320 680 713 742 condemnare.
760 684 916 762 quod
945 681 1190 745 feciflent
1223 706 1546 765 nunqnam,

318 765 425 829 nifi
438 769 507 827 iis
524 766 705 827 dolori
722 789 878 828 meus
893 767 1072 829 fuiss‘et
1087 769 1275 831 dolor.
1325 793 1440 831 nos
1455 776 1544 833 hic

322 853 389 915 in
402 854 833 929 multitudine,et
846 855 1162 917 celebritate
1170 856 1542 935 judiciorum,

324 956 383 1001 et
398 942 567 1001 novis
598 939 807 1019 legibus
837 943 920 1001 ita
945 940 1290 1018 distinemur,
1311 961 1380 1004 ut
1403 966 1542 1025 quo-

327 1027 465 1087 tidie
501 1044 635 1089 vota
670 1027 932 1089 faciamus
955 1050 1028 1089 ne
1056 1030 1444 1109 intercaletur,
1485 1046 1544 1093 ut

328 1134 497 1195 quam
512 1116 750 1197 primum
763 1130 821 1175 te
832 1115 1024 1179 videre
1037 1115 1328 1198 poffimus.

467 1310 540 1353 Μ.
574 1310 833 1353 exemto
867 1313 940 1352 Μ.
969 1312 1112 1355 run
1129 1314 1207 1354 10
1237 1314 1292 1356 8.
1328 1314 1368 1355 n
1391 1338 1406 1356 .

416 1376 675 1459 Pet-saepe
694 1381 831 1439 mihi
853 1382 1124 1457 cogitanti
1139 1381 1206 1441 de
1223 1383 1536 1443 communi·
1560 1389 1579 1432 3

328 1464 431 1528 bus
454 1463 705 1543 miseriis,
726 1467 787 1525 in
809 1468 1012 1545 quibus
1039 1482 1125 1526 tot
1147 1489 1336 1528 annos
1359 1467 1538 1529 versa·

330 1554 477 1626 inur,
500 1567 557 1612 et
584 1551 679 1623 (ut
706 1552 904 1628 video)
937 1551 1292 1625 versabimur,
1319 1555 1462 1615 solet
1483 1558 1542 1615 in

326 1654 571 1699 mentem
584 1640 777 1700 venire
790 1638 938 1697 illius
956 1643 1357 1722 temporisque
1376 1662 1546 1722 prox-

326 1722 438 1783 ime
458 1724 661 1785 fuimus
677 1722 823 1785 uisa:
850 1728 988 1805 quin
1013 1729 1178 1787 etiam
1201 1729 1378 1807 ipsum
1397 1730 1542 1789 diem

324 1812 595 1873 memoria
608 1828 797 1873 tene-0.
820 1834 952 1872 nam
967 1834 1019 1873 a.
1037 1812 1096 1873 d.
1119 1834 1169 1873 11
1183 1835 1202 1872 1
1215 1859 1230 1873 .
1247 1815 1376 1875 idus
1395 1818 1540 1875 Mai-

328 1916 416 1973 as,
426 1899 691 1975 Lentulo,
701 1914 759 1958 et
776 1896 1043 1959 Marcello
1057 1899 1342 1961 consulibu
1351 1922 1399 1977 s,
1411 1923 1536 1962 cum

328 1984 391 2041 in
414 1987 809 2065 Pompeianum
825 1984 1033 2065 vesperi
1047 1986 1334 2061 venissem,
1357 2006 1420 2049 tu
1435 1990 1534 2047 mi·

325 2072 385 2129 hi
406 2068 643 2131 sollicito
664 2074 853 2132 animo
885 2072 1091 2152 praesto
1120 2072 1286 2135 fuisti.
1337 2074 1534 2135 sollici·

330 2172 449 2217 tum
466 2171 646 2217 autem
662 2173 719 2217 te
732 2160 961 2219 habebat
985 2162 1278 2237 cogitatiO,
1306 2183 1436 2221 cum
1451 2160 1534 2221 of·

326 2242 462 2319 ficii,
486 2260 603 2304 tum
618 2246 783 2305 etiam
799 2245 1024 2326 periculi
1039 2248 1165 2306 mei.
1199 2244 1240 2305 fi
1253 2268 1532 2308 manerem

328 2332 393 2389 in
424 2330 605 2404 Italia,
644 2336 920 2405 verebare,
957 2353 1028 2391 ne
1061 2333 1247 2392 officio
1271 2333 1532 2394 deess'emt

328 2414 369 2475 fi
392 2416 755 2495 proficiscerer
792 2418 863 2478 ad
887 2418 1115 2494 bellum,
1145 2421 1452 2499 periculum
1484 2437 1536 2480 te

326 2520 509 2582 meum
526 2506 932 2583 commovebat.
981 2526 1095 2589 quo
1111 2521 1360 2589 tempose
1373 2507 1533 2589 vjdif-
