1700 3059
424 201 753 262 EPIST.
804 218 943 262 ιη.
983 218 1102 260 111.
1248 215 1380 276 113¹

145 317 264 360 rem
279 285 349 359 in'
370 318 503 378 agro
522 295 940 379 Mopsuhestiae.
971 296 1010 358 fi
1023 293 1160 375 quid
1174 315 1362 374 egero,

144 383 387 446 fitz-ibam
402 385 473 446 ad
486 401 575 458 te;
594 406 775 466 neque
788 383 1016 444 domum
1032 403 1278 464 unquam
1293 379 1366 442 ad

142 493 233 532 me
264 472 459 532 literas
490 473 729 546 mittam,
754 473 892 552 quin
921 471 1219 550 adjungam
1247 489 1366 544 eas„

140 579 286 640 quas
318 559 425 618 tibi
452 557 607 622 reddi
637 558 823 619 velim.
868 557 937 616 de
963 559 1177 618 Parthis
1208 553 1366 637 quod

140 647 399 726 quaen-iz,
420 643 579 705 fuiss‘e
608 645 797 706 nullos
827 659 987 724 puto.
1034 646 1244 704 Arabes
1267 645 1368 724 qui

141 732 400 807 fuerunt,
418 730 646 792 admisto
662 733 920 792 Parthico
938 729 1366 805 ornatu,dicun-

144 834 243 878 tm·
257 839 461 878 omnes
482 817 777 880 revertiss'e.
822 817 1030 878 hostem
1061 815 1164 878 effe
1185 819 1248 878 in
1263 825 1366 897 Sy·

144 907 233 965 ria
248 920 463 983 negant
485 905 677 966 ullum.
727 920 787 965 tu
809 903 980 965 velim
1003 905 1073 964 ad
1094 924 1182 964 me
1197 923 1366 983 quam

142 991 447 1073 saepissime
476 1007 533 1051 et
549 991 617 1052 de
640 993 751 1052 tuis
790 995 952 1052 rebus
977 989 1202 1063 scribas,
1225 990 1366 1052 etde

142 1081 288 1140 meis
294 1093 385 1152 ‚et
396 1077 465 1138 de
480 1079 639 1138 omni
655 1078 982 1158 reipublicae
994 1076 1153 1136 statu:
1166 1076 1234 1136 de
1248 1096 1368 1156 quo

144 1164 271 1228 sum
290 1161 556 1225 sollicitus
579 1185 647 1225 eo
671 1167 870 1244 magis,
893 1165 1044 1244 quod
1069 1184 1142 1224 ex
1163 1165 1272 1223 tuis
1297 1162 1367 1222 li-

146 1252 291 1312 teris
328 1254 612 1330 cognovi,
658 1253 980 1331 Pompeium
1017 1249 1265 1313 nostrum
1303 1251 1366 1312 in

146 1336 481 1420 Hispaniam
495 1340 722 1400 iturum.
770 1338 912 1400 vale.

248 1533 324 1574 Μ.
348 1531 412 1573 τ.
437 1531 496 1574 e.
524 1531 731 1573 Arno
762 1532 1096 1574 puteano
1133 1534 1186 1574 s-
1211 1531 1277 1574 D.

94 1629 127 1674 9
240 1601 367 1660 Vix
381 1599 605 1660 tandem
628 1599 736 1678 legi
756 1600 944 1660 literas
961 1598 1158 1677 dignas
1177 1601 1368 1679 Appio

148 1685 385 1764 clodio,
408 1686 597 1767 plenas
620 1688 1002 1760 humanitatis,
1039 1684 1230 1756 officii,
1279 1685 1368 1746 di·

147 1773 437 1852 ligentiac.
468 1771 709 1851 aspectus
726 1771 980 1832 videlicet
999 1773 1146 1832 urbis
1163 1771 1264 1830 tibi
1279 1786 1368 1832 tu-

84 1921 93 1932 ,
150 1881 244 1920 am
259 1858 545 1940 pristinam
564 1861 934 1920 urbanitatem
950 1857 1205 1920 reddidit.
1237 1879 1369 1922 nam

150 1967 292 2028 quas
310 1965 380 2008 ex
394 1947 615 2018 itinere,
639 1961 767 2006 ante
782 1965 949 2023 quam
965 1966 1038 2004 ex
1055 1943 1176 2006 Afia
1191 1943 1371 2023 egres-

152 2031 244 2094 sus
260 2054 346 2109 en,
367 2031 439 2092 ad
453 2053 541 2092 me
554 2031 739 2092 literas
754 2031 958 2107 misisti,
978 2053 1118 2092 unas
1136 2033 1203 2091 de
1218 2031 1367 2110 lega-

154 2121 229 2181 tis
245 2141 279 2179 a
302 2141 390 2180 me
418 2120 715 2199 prohibitis
746 2117 1042 2199 proficisci,
1073 2119 1268 2178 alteras
1299 2117 1370 2184 de

156 2208 545 2288 Appianorum
560 2203 938 2265 aedificatione
952 2207 1236 2286 impedita,
1259 2203 1372 2283 legi

156 2295 488 2375 perinvitus,
507 2294 692 2372 itaque
708 2291 1048 2352 conscientia
1061 2313 1213 2352 meae
1229 2313 1371 2354 con·

146 2379 351 2441 ,stantis
382 2400 515 2458 erga
544 2394 599 2437 te
630 2379 962 2454 voluntatis,
1007 2377 1250 2458 rescripsi·
1266 2376 1372 2446 tihi

139 2481 144 2489 '
159 2464 451 2526 subiratus.
472 2469 539 2525 iis
556 2487 691 2525 veto
708 2465 882 2525 literis
899 2465 1072 2542 lestis,
1087 2484 1224 2544 quas
1242 2464 1371 2522 Phi-

160 2552 389 2634 lotimo,
425 2551 623 2616 liberto
650 2574 801 2629 meo,
839 2551 1028 2614 dedisti
1044 2574 1063 2630 ;
1104 2551 1374 2632 cognovi,
