1700 3059
410 157 489 218 --E
515 160 558 218 P
582 161 671 219 IS
692 151 775 217 T.
828 175 974 221 ιη.
1015 175 1150 221 ιν.»
1261 163 1384 240 169

174 261 289 347 ipse
316 259 563 339 confido,
608 261 820 345 sperare
848 263 1001 324 malo
1031 262 1134 326 effe
1161 260 1392 328 usurum·

173 353 312 413 tuis.
356 365 665 410 &tremum
692 348 828 410 illud
855 348 952 425 est,
973 366 1037 410 ut
1067 366 1124 412 te
1153 371 1306 412 orem
1325 366 1386 424 et

173 435 473 513 obsecrem,
493 438 684 500 animo
714 451 781 496 ut
793 439 1041 498 maximo
1069 436 1138 498 fis
1157 460 1174 497 z
1201 457 1304 499 nec
1317 458 1384 498 ea

171 523 357 606 solum
382 525 723 600 memineris,
742 544 887 604 quae
915 526 986 585 ab
1013 524 1134 585 aliis
1163 527 1386 603 magnis

174 612 313 674 viris
342 609 619 692 accepisti,
642 608 731 672 sed
757 609 853 671 ina
881 613 1068 689 etiam,
1103 632 1246 692 quae
1275 608 1386 693 ipse

171 699 404 778 ingenio
426 697 715 778 studioque
735 697 1010 780 peperisti.
1053 719 1196 780 quae
1209 696 1246 758 fi
1263 697 1387 772 col-⁴⁴

170 783 341 866 liges,
361 800 421 846 et
438 783 681 866 sperabis
704 786 898 846 omnia
917 786 1152 868 optime,
1171 801 1230 846 et
1243 805 1386 868 quae

171 870 450 948 accident,
471 871 879 952 qualiacunque
897 887 1085 949 erunt,
1114 870 1394 954 sapienter

168 958 342 1022 feres.
359 956 451 1020 sed
465 962 599 1020 haec
615 973 677 1018 tu
692 959 888 1020 melius
891 991 914 1035 ‚-
926 959 1018 1020 vel
1033 961 1244 1040 optime
1257 979 1394 1022 om··

169 1048 357 1128 pium.
403 1066 530 1124 ege,
555 1065 697 1124 quae
718 1048 992 1127 pertinere
1013 1046 1084 1108 ad
1105 1061 1162 1107 te
1173 1045 1392 1106 intelli-

170 1153 325 1212 gam,
348 1127 707 1193 studiofiffime
724 1135 938 1212 omnia,
961 1132 1393 1212 diligentiffim&

170 1239 287 1300 que
314 1221 544 1282 curabo:
578 1234 914 1301 tuorumque
943 1217 1234 1281 tristiffimo
1255 1239 1384 1280 meo

171 1320 424 1387 tempore
453 1308 775 1370 meritorum
802 1329 934 1388 erga
959 1328 1048 1372 me
1061 1307 1386 1370 memoriam
1420 1317 1430 1330 ⁸

78 1397 87 1402 “
170 1391 533 1456 conservabo.
579 1393 725 1456 vale.

323 1588 397 1632 Μ.
419 1589 485 1632 τ.
508 1589 569 1632 c.
592 1590 706 1634 cu.
728 1589 1040 1632 PLAcho
1075 1592 1128 1633 s.
1161 1591 1230 1632 n.
1343 1622 1350 1628 .

76 1645 142 1694 ¹⁴
256 1657 425 1716 Binas
442 1678 475 1716 a
488 1673 545 1718 te
567 1657 750 1737 accepi
774 1658 966 1718 literas
992 1664 1268 1736 Corcyrae
1281 1654 1390 1721 da·³

164 1757 253 1810 tas
275 1765 293 1802 ε
348 1762 585 1822 quarum
612 1742 799 1802 alteris
834 1745 970 1802 mihi
1011 1741 1378 1822 gratulabare‚

162 1826 323 1912 quod
338 1827 563 1888 audiffes
580 1849 667 1889 me
690 1849 866 1888 meam
889 1828 1170 1910 pristinam
1193 1829 1377 1907 digni-

164 1931 337 1976 tatem
367 1917 619 1976 obtinere
634 1938 655 1989 ;
684 1914 870 1976 alteris
899 1915 1116 1976 dicebas
1140 1931 1194 1976 te
1210 1913 1375 1992 velle,

162 2023 309 2084 quae
336 2001 577 2081 egiffem,
611 2005 754 2063 bene
782 2018 836 2062 et
867 2001 1104 2064 feliciter
1128 2003 1374 2062 evenire.

154 2109 271 2168 ego
286 2104 489 2164 autem,
512 2086 553 2147 fi
571 2089 812 2165 dignitas
828 2088 908 2148 est
919 2091 1064 2150 bene
1085 2087 1154 2148 de
1171 2089 1372 2168 repub·

161 2173 272 2236 lica
300 2173 521 2249 sentire,
550 2190 606 2234 et
631 2176 799 2234 bonis
814 2177 952 2236 viris
967 2177 1203 2256 probare
1219 2172 1388 2255 quod.

162 2259 389 2336 sentias,
426 2263 658 2322 obtineo
689 2261 1014 2340 dignitatem
1049 2281 1248 2322 meam.
1291 2257 1384 2332 fin,

161 2363 344 2408 autem
360 2350 421 2408 in
437 2369 504 2406 eo
520 2347 762 2427 dignitas
778 2347 876 2424 est,
892 2344 953 2423 fi,
979 2348 1134 2428 quod
1151 2344 1376 2420 sentias,

162 2450 259 2502 aut
288 2455 346 2496 re
370 2433 582 2494 efficere
610 2435 793 2515 postia,
817 2450 911 2495 aut
933 2433 1173 2513 denique
1203 2430 1380 2494 libera

159 2523 416 2620 oratione
432 2519 747 2602 defendere,
764 2540 837 2582 ne
853 2519 1136 2606 vestigium
1152 2516 1378 2603 quiden}
