1700 3059
430 177 763 240 EPIST.
819 193 963 238 ιη.
999 197 1070 239 v.
1232 195 1355 244 221

133 299 260 364 que
292 279 352 342 id
379 297 502 342 erat
523 285 646 342 H-s
681 299 866 356 xxx,
911 300 974 342 ut
1010 279 1222 359 scribis,
1270 283 1363 348 sed

145 389 328 432 xtx.
365 383 485 430 erat
517 371 670 428 enim
703 371 867 429 nobis
903 383 1093 428 curata
1128 374 1367 449 pecunia

140 455 372 517 Valerii
401 456 676 535 mancipis
699 457 963 516 nominet
1002 477 1077 516 ex
1098 477 1211 537 qua
1240 459 1368 520 reli·

142 563 331 625 quum
347 541 501 624 quod
515 555 656 615 erat,
671 544 732 602 in
747 545 1057 603 rationibus
1072 545 1259 606 retuli.
1276 544 1372 608 sed

143 630 226 693 fic
239 647 334 690 me
345 645 404 690 et
420 629 764 688 liberalitatis
785 627 965 690 frusta
980 633 1191 710 privas,
1214 649 1270 692 et
1282 631 1372 694 di·

146 717 492 797 ligentiaeaet
505 715 692 796 (quod
707 717 933 778 minime
944 733 1131 779 tamen
1146 718 1375 798 laboro)

149 803 460 869 mediocris
475 805 642 862 etiam
657 803 869 882 pruden
876 803 1377 884 tiamliberalitatis,

150 889 320 972 quod
333 895 508 952 mavis
525 889 732 950 scribae
753 892 865 950 mei
885 889 1173 963 beneficio,
1204 913 1373 972 quam

153 999 294 1041 meo
300 979 557 1056 ‚legatum
573 997 755 1036 meum
769 975 1207 1058 praefectumque
1220 999 1377 1041 max·

155 1067 278 1128 ima
305 1064 610 1126 calamitate
637 1064 878 1136 levatos,
908 1083 1033 1124 cum
1062 1063 1376 1143 praesertim

155 1173 288 1216 non
319 1152 583 1212 deberent
603 1149 706 1210 effe
727 1149 978 1228 obligati.
1036 1149 1377 1232 diligentiae,

161 1239 324 1324 quod
337 1237 610 1300 existimas
627 1237 694 1296 de
709 1254 871 1298 tanto
886 1238 1073 1300 officio
1088 1259 1214 1300 meo
1217 1283 1239 1316 ,
1248 1253 1377 1302 tan·

165 1344 244 1390 to
273 1329 436 1388 etiam
473 1325 739 1407 periculo,
787 1345 889 1386 nec
926 1323 1071 1386 sciss‘e
1093 1347 1183 1386 me
1210 1326 1378 1407 quid-

167 1435 362 1496 quam,
379 1435 482 1474 nec
495 1410 830 1491 cogitaviffez
843 1410 1096 1487 scribam,
1110 1413 1383 1494 quidquid

169 1498 449 1575 voluiss‘et,
471 1521 597 1560 cum
611 1499 670 1559 id
685 1502 818 1560 mihi
833 1521 907 1560 ne
922 1498 1241 1561 recitavisset
1254 1501 1384 1582 qui-

171 1589 326 1663 dem,
369 1586 626 1648 retulisse.
687 1588 1034 1668 prudentiae,
1062 1609 1189 1648 cum
1214 1607 1327 1648 rem
1348 1607 1385 1650 a

175 1695 268 1738 me
283 1696 403 1736 non
427 1674 744 1754 infipienter
773 1677 1168 1754 excogitatam,
1191 1695 1265 1734 ne
1286 1695 1386 1736 co-

179 1761 408 1843 gitat'am
442 1762 662 1842 quidem
693 1777 876 1842 putes.
922 1783 1051 1823 nam
1080 1777 1139 1822 et
1171 1757 1389 1823 Volufli

179 1849 452 1912 liberandi
485 1871 666 1910 meum
703 1848 810 1910 fuit
845 1848 1131 1910 confilium
1150 1873 1171 1923 ς
1222 1865 1281 1910 et
1312 1864 1379 1911 ut
1440 1901 1443 1914 .

179 1938 356 2002 multa
382 1953 494 1998 tam
517 1939 704 2016 gravis
727 1939 1037 1997 Valerianis
1074 1937 1395 2018 praedibus,

185 2023 392 2108 ipfique
413 2030 496 2084 T.
528 2027 712 2084 Mario
741 2023 1126 2106 depelleretur,
1169 2046 1204 2084 a
1226 2043 1317 2084 me
1336 2025 1387 2083 i·

186 2115 304 2173 nita
325 2114 469 2171 ratio
490 2109 596 2171 est:
631 2131 796 2190 quam
819 2110 1041 2191 quidem
1056 2131 1253 2172 omnes
1269 2129 1393 2173 non

187 2197 362 2262 solum
391 2199 653 2278 probant,
675 2196 766 2257 sed
801 2200 969 2258 etiam
1002 2198 1258 2261 laudant.
1311 2213 1393 2274 et,

187 2285 228 2348 si
252 2307 444 2347 verum
475 2282 610 2344 scire
632 2286 745 2360 vis,
782 2288 894 2345 hoc
924 2287 1027 2344 uni
1046 2283 1247 2346 scribae
1266 2303 1396 2346 meo

185 2373 434 2434 intellexi
465 2391 586 2432 non
621 2372 857 2431 nimium
894 2371 1129 2452 placere.
1176 2370 1261 2432 sed
1285 2389 1397 2448 ego

191 2461 380 2542 putavi
399 2456 505 2518 effe
518 2459 624 2520 viri
645 2458 804 2534 boni,
833 2479 960 2519 cum
981 2459 1219 2540 populus
1240 2454 1399 2516 suum

191 2543 453 2626 servaret,
475 2543 762 2610 consulere
781 2542 1027 2608 fortunis
1048 2561 1139 2610 tot
1156 2542 1247 2610 vel
1260 2543 1424 2632 antif·
