1700 3059
384 143 391 148 ·
434 133 489 190 E
513 133 661 190 ΡῙΒ
685 132 769 190 T.
822 145 968 190 ma.
1010 147 1110 192 xv.
1259 150 1376 210 151

166 253 303 298 &mn
318 232 501 294 virm
516 245 575 291 et
587 232 806 310 magnis
818 232 984 292 rebus
998 227 1158 310 gestis
1175 233 1380 311 amifit3

176 336 237 384 et
252 327 323 382 L.
342 317 568 394 Paulus,
596 319 711 398 qui
716 317 829 378 duo
853 315 1056 399 {eptem
1077 318 1391 396 diebu33ct

177 405 353 470 vester
383 404 600 490 Gallus,
636 419 695 464 et
724 411 809 464 M.
839 411 1009 480 Cato,
1045 408 1144 486 qui
1173 405 1390 470 summo

178 495 435 576 ingenio,
465 485 675 553 suinma
699 493 905 552 virtute
929 489 1100 552 filium
1129 494 1392 572 perdidit,

182 583 257 642 iix
272 581 611 660 temporibus
621 578 874 654 fuerunt,
901 593 1170 640 uteorum
1182 581 1393 644 luctum

186 667 433 750 ipsorum
448 667 690 745 dignitas
712 663 1089 726 consolaretur
1103 686 1190 742 ea,
1221 688 1392 748 quam

182 776 265 816 ex
292 753 571 836 republica
588 751 1090 832 consequebantur.
1135 755 1271 814 mihi
1293 775 1394 815 au·

186 857 331 918 tem,
378 841 575 900 amiffis
598 841 946 901 ornamentis
983 841 1078 917 iis,
1113 860 1256 920 quae
1268 837 1407 944 ’ipit-.-

184 947 619 1003 commemoras,
670 947 922 1006 quaeque
959 947 1105 985 eram
1136 929 1400 990 maximis

185 1016 473 1076 laboribus
504 1013 771 1100 adeptus,
788 1031 962 1072 unum
985 1017 1243 1074 manebat
1264 1013 1402 1076 illud

194 1099 475 1177 solatium,
497 1099 649 1181 quod
660 1116 914 1181 ereptum
925 1098 1026 1159 est.
1059 1121 1178 1160 non
1194 1103 1401 1162 amico-

196 1210 321 1251 rum
350 1189 615 1268 negotiiS,
641 1209 763 1248 non
786 1187 1115 1268 reipublicae
1137 1208 1402 1268 procura·

194 1278 357 1338 tione
374 1274 809 1355 impediebantur
826 1277 1200 1353 cogitationes
1220 1293 1401 1336 meae.

198 1363 339 1424 nibil
362 1364 423 1424 in
448 1361 576 1422 foro
606 1383 765 1440 agere
788 1361 1026 1422 libebat:
1051 1359 1286 1444 aspicere
1307 1383 1404 1422 cu·

198 1452 339 1511 riam
355 1470 475 1510 non
488 1464 759 1531 poteramz
776 1447 1169 1525 existimabam,
1183 1449 1237 1509 id
1251 1447 1408 1530 qu’od

196 1553 344 1616 erat,
365 1556 569 1598 ornnes
591 1557 681 1596 me
702 1548 759 1596 e't
772 1533 1068 1596 indu-striae
1085 1555 1238 1597 meae
1258 1536 1408 1598 frue-

174 1640 319 1703 Ὃκ,
338 1639 399 1688 et
410 1622 669 1685 fortunae
684 1621 990 1704 perdidisse.
1037 1621 1147 1699 sed,
1169 1643 1296 1682 cum
1311 1641 1410 1683 co-

198 1713 454 1792 gitarem,
483 1713 617 1771 haec
631 1712 765 1771 mihi
781 1725 959 1770 tecum
975 1725 1031 1770 ct
1045 1729 1172 1770 eum
1188 1705 1412 1789 quibus·

200 1798 333 1860 dam
362 1797 465 1859 effe
494 1799 843 1859 communia:
882 1813 938 1856 et
959 1819 1085 1859 cum
1102 1795 1414 1876 frangerem

197 1887 321 1966 jam
338 1884 451 1967 ipse
470 1906 583 1963 me,
612 1905 974 1966 cogeremque
1001 1884 1096 1944 illa
1117 1884 1258 1945 ferre
1271 1885 1413 1945 tole·

202 1989 419 2050 rariter,
454 1974 719 2033 habebam
746 1975 866 2053 quo
898 1970 1276 2050 confugerem,
1319 1974 1416 2032 ubi

198 2057 676 2141 conquiescerem,
697 2059 857 2136 cujus
881 2060 940 2116 in
963 2056 1212 2118 sermone
1225 2074 1283 2118 et
1298 2056 1416 2119 sua-

206 2147 385 2208 vitate
416 2167 613 2208 omnes
636 2166 793 2205 curas
824 2143 1152 2224 doloresque
1173 2145 1417 2227 depone-

208 2253 351 2294 rem.
398 2254 551 2293 nunc
566 2249 747 2292 autem
756 2235 869 2292 hoc
891 2247 1003 2291 tam
1014 2233 1171 2312 gravi
1187 2229 1420 2293 vulnere

208 2323 378 2381 etiam
408 2319 524 2396 illa,
546 2340 689 2401 quae
708 2317 1048 2380 consanuisse
1068 2319 1424 2394 videbantur,

210 2404 619 2468 recrudescunt.
638 2427 759 2467 non
774 2407 948 2482 enim,
962 2423 1026 2465 ut
1047 2422 1169 2466 tum
1185 2425 1274 2465 me
1285 2424 1320 2464 a
1335 2423 1423 2462 re-

206 2491 433 2580 publica
446 2492 711 2559 moestum
724 2491 925 2556 domus
939 2493 1267 2576 excipiebat,
1281 2505 1425 2576 quae
