1700 3059
378 129 498 196 106
588 132 713 188 AD
756 129 1362 189 FAMILIARES

366 237 487 317 jam
502 229 761 294 leviffimo
777 229 1030 290 sermone
1044 233 1336 292 hominnm
1351 235 1589 313 provin·

372 322 595 386 cialinm
608 341 629 379 ε
652 335 864 393 tamen,
889 339 1018 378 cum
1037 333 1104 378 tu
1127 335 1240 380 tam
1255 319 1454 380 multis
1471 342 1591 382 ver·

372 413 461 472 bis
478 409 545 468 ad
559 428 649 467 me
662 406 733 466 de
744 407 1127 486 improborum
1143 409 1404 468 oratione
1419 405 1590 489 scrip-

372 495 538 572 fflses,
568 493 880 554 faciendum
911 494 1044 552 mihi
1060 497 1276 572 putavi,
1305 509 1372 554 ut
1386 496 1504 554 tnis
1523 497 1590 554 li-

368 587 509 648 teris
532 583 689 643 brevi
718 577 1117 662 respondem.
1161 579 1254 642 sed
1270 583 1454 662 prima
1465 582 1591 644 dno

370 675 639 752 capitaep
640 667 823 729 istolae
830 682 966 726 tuae
979 668 1153 730 tacita
1163 671 1299 729 mihi
1313 668 1592 749 quodum-

368 757 547 823 modo
578 753 942 834 relinquenda
961 752 1109 815 sunt.
1157 756 1296 816 nihil
1315 758 1472 817 enim
1493 759 1590 817 ha-

368 849 530 921 bent,
552 845 708 925 quod
722 859 817 902 aut
829 839 1119 902 definitum
1133 840 1222 920 fit,
1241 858 1340 902 aut
1353 859 1591 920 eertum,

374 931 481 995 nifi
496 952 583 992 me
597 930 755 991 vultu
784 943 841 988 et
857 930 1232 990 taciturnitate
1252 928 1590 1008 fignifloeffe,

372 1022 477 1083 tibi
494 1039 613 1080 non
628 1014 731 1078 esse
744 1017 1012 1090 amicum3
1033 1015 1199 1096 idque
1213 1037 1320 1099 pro
1335 1020 1590 1079 tribuna·

373 1107 439 1184 li,
460 1102 809 1185 cum-aliquid
839 1118 1117 1182 ageretur,
1145 1119 1200 1163 et
1215 1105 1522 1166 nonnullis
1533 1107 1592 1166 in

374 1194 655 1255 conviviis
685 1189 919 1269 intelligi
950 1187 1202 1269 potuiffe.
1264 1193 1377 1253 hoc
1409 1207 1594 1254 totum

288 1349 294 1356 ,
372 1278 519 1343 nihil
536 1277 660 1355 elle,
683 1273 898 1358 possum
913 1276 1218 1356 intelligere
1233 1299 1250 1338 ε
1275 1276 1368 1338 sed
1385 1301 1517 1340 eum
1531 1279 1596 1341 fit

372 1367 542 1442 nihil,
566 1386 639 1426 ne
654 1363 789 1446 quid
811 1363 1030 1426 dicatur
1061 1363 1285 1444 quidem
1311 1365 1593 1446 intelligo.

369 1454 515 1517 'illud
530 1453 752 1533 quidem
774 1449 912 1527 scio,
933 1471 1090 1512 meos
1105 1451 1341 1530 multos,
1369 1469 1429 1514 et
1446 1452 1596 1515 illus·

371 1558 517 1620 tres,
546 1556 603 1600 et
631 1560 705 1600 ex
724 1537 1025 1619 superiore,
1060 1554 1118 1599 et
1139 1559 1211 1599 ex
1233 1558 1419 1622 aequo
1443 1542 1597 1618 loco,

376 1627 657 1692 sermones
680 1623 900 1688 habitos
917 1647 1044 1687 cum
1063 1641 1158 1686 tua
1179 1625 1388 1688 summa
1411 1628 1598 1705 laude,

366 1732 438 1779 'et
460 1739 585 1779 cum
615 1735 817 1794 magna
838 1711 1236 1794 fignifieatione
1263 1713 1488 1776 nostrae
1515 1715 1596 1776 fa-

376 1803 736 1877 'miliat-itatis,
759 1802 828 1862 ad
858 1817 914 1860 te
941 1805 1072 1862 vere
1103 1801 1338 1882 potuifle
1365 1801 1592 1864 deferri.

372 1912 536 1965 nam,
552 1889 710 1970 quod
723 1888 793 1949 ad
816 1888 1032 1968 legatos
1055 1890 1276 1964 attinet,
1306 1889 1444 1970 quid
1461 1909 1493 1948 a
1505 1909 1593 1950 me

378 1977 498 2038 fieri
529 1977 715 2057 potuit
744 1991 841 2035 aut
867 1975 1198 2054 elegantium,
1243 1991 1343 2036 aut
1364 1975 1592 2054 justius,

378 2081 548 2146 quam
564 2077 627 2122 ut
644 2060 892 2144 sumptus
921 2062 1378 2141 egentiffimarum
1393 2064 1592 2123 civita·

378 2167 502 2211 tum
530 2150 860 2225 minuerem,
903 2147 1016 2208 fine
1051 2147 1164 2208 ulla
1192 2150 1595 2209 imminutione

378 2237 668 2316 dignitatis
690 2249 835 2310 tuae,
868 2233 1177 2317 praesa-tim
1200 2233 1326 2316 ipfis
1343 2237 1592 2296 civitati-

368 2327 485 2387 ·bus
508 2321 950 2404 postulantibus?
985 2341 1115 2384 nam
1137 2324 1274 2383 mihi
1297 2337 1484 2382 totum
1495 2345 1592 2402 ge·

367 2430 488 2471 ‘nus
501 2411 840 2488 legationum
867 2425 970 2470 tuo
986 2411 1218 2472 nomine
1237 2408 1592 2491 proficiscen-

364 2498 519 2557 5tium
534 2511 735 2558 notum
750 2517 873 2559 non
889 2511 1027 2559 erat.
1067 2503 1346 2582 Apameae
1361 2517 1490 2562 cm
1505 2495 1590 2560 ef·
