1700 3059
345 149 469 230 236
559 152 684 209 AD
727 151 1345 213 FAMILIARES

345 269 481 310 rem.
527 252 637 311 hoc
657 251 789 310 item
819 265 1069 331 tempore
1087 251 1323 310 brevior
1338 247 1469 310 effe
1490 247 1584 310 de·

343 339 470 398 beo·
518 334 628 396 five
655 339 804 396 enim
834 338 973 397 nihil
1004 352 1123 398 tum
1138 358 1295 439 ppus
1320 337 1447 397 fuit
1470 353 1583 398 tam

341 422 530 484 multis
559 425 764 500 verbis,
802 423 981 484 nihilo
1012 419 1187 501 m'agis
1218 445 1387 485 nunc
1424 444 1579 504 opus

341 507 438 568 est.
451 507 558 568 five
573 525 690 569 tum
707 530 848 590 opus
864 508 1127 585 fuit‚illud
1144 507 1277 568 satis
1296 511 1377 572 est
1379 530 1579 590 ,prae-

337 591 522 656 sertim
540 617 664 656 cum
679 595 953 657 accefferit
968 595 1107 655 nihil
1127 598 1292 657 novi.
1324 617 1471 656 nam
1488 612 1573 655 et·

339 679 380 740 fi
411 684 660 761 quotidie
697 683 904 763 aliquid
942 681 1195 743 audimus
1234 703 1451 742 earum
1484 702 1572 742 re-

337 788 486 844 rum,
499 772 650 848 'quas
663 770 732 829 ad
749 770 1040 850 tepet-ferti
1054 763 1337 850 exfi'stimQ,
1352 769 1572 830 summa

323 869 526 915 -tamen
549 856 736 916 eadem
765 855 861 932 est,
892 871 949 916 et
970 856 1125 916 idem
1140 855 1364 933 exitia,
1391 877 1567 936 quem

323 961 444 1020 -ego
460 958 574 1002 tam
586 942 750 1004 video
769 945 982 1018 anime,
996 961 1161 1022 quam
1176 963 1241 1001 ea
1256 961 1406 1022 quae
1419 965 1564 1004 ocu·

338 1028 408 1089 lis
425 1031 722 1090 cernimus,
769 1051 875 1091 nec
889 1049 1023 1090 vero
1038 1028 1347 1109 quidquam
1364 1027 1560 1105 video,

338 1116 498 1196 quod
531 1137 648 1176 non
681 1117 822 1177 idem
856 1133 909 1176 te
937 1116 1127 1176 videre
1164 1131 1339 1176 certo·
1365 1112 1555 1177 sciam.

335 1221 468 1262 nam
484 1201 601 1279 etfi,
625 1225 786 1283 quem
801 1206 1015 1262 exitum
1029 1205 1171 1262 acies
1193 1204 1453 1263 habitura
1468 1202 1556 1279 fit,

325 1288 586 1349 ,divinare
601 1311 764 1351 nemo
779 1289 955 1370 potest
972 1311 991 1363 ;
1010 1304 1196 1350 tamen
1212 1303 1269 1348 et
1283 1289 1417 1348 beni
1432 1293 1553 1350 exi-

325 1391 456 1434 ·tum
485 1375 672 1453 video,
701 1391 779 1452 et,
801 1375 839 1436 fi
864 1376 921 1436 id
944 1379 1151 1450 minuet,
1182 1379 1291 1436 hoc
1320 1375 1551 1454 quidem

277 1501 281 1508 -
325 1477 508 1538 certe,
538 1483 666 1523 cum
688 1461 752 1522 fit
775 1461 978 1523 neceffe
1000 1462 1323 1522 alterutrum
1355 1466 1548 1523 vince-

334 1570 418 1626 re,
449 1549 626 1630 qualis
649 1547 829 1610 fiat'u'ra
848 1548 913 1609 fit
932 1548 1022 1609 vel
1038 1554 1191 1624 haec,
1212 1549 1415 1608 velina
1429 1551 1545 1609 vic-

337 1638 504 1696 toria.
549 1636 716 1717 idque
743 1657 867 1695 cum
897 1637 1107 1713 optime
1134 1632 1408 1716 perspexi,
1438 1635 1544 1694 tale

336 1723 524 1798 vide0,
555 1723 694 1784 nihil
716 1738 777 1782 ut
792 1721 921 1782 mali
937 1720 1191 1782 videatur
1210 1721 1479 1796 futurum,
1502 1719 1541 1782 fi

329 1810 394 1869 id
411 1811 500 1870 vel
519 1826 648 1868 ante
663 1809 942 1885 acciderit,
971 1808 1123 1888 quod
1138 1808 1227 1868 vel
1242 1811 1541 1868 maximum

335 1894 406 1955 ad
423 1897 676 1956 timorem
691 1899 1045 1976 proponitur.
1078 1897 1157 1954 ita
1172 1897 1318 1954 enim
1337 1896 1537 1970 vivere,

336 1997 402 2041 ut
431 1997 552 2042 tum
580 1981 646 2042 fit
673 1983 1011 2056 vivendum,
1046 1980 1403 2043 miserrimum
1426 1981 1533 2042 este

318 2070 479 2128 mori
495 2085 675 2130 autem
691 2089 855 2128 nemo
878 2069 1091 2148 sapiens
1107 2065 1361 2128 miseium
1376 2068 1557 2144 dixit,-

336 2175 408 2214 ne
436 2157 598 2215 beato
627 2155 871 2236 quidem.
919 2155 1091 2216 sedin
1123 2177 1189 2216 ea
1210 2175 1269 2214 es
1290 2156 1441 2230 urbe,
1473 2156 1529 2216 in

333 2262 446 2321 qua
460 2245 616 2317 haec,
627 2241 719 2301 vel
735 2242 913 2321 plura,
936 2257 991 2302 et
1006 2244 1291 2302 ornatiora
1306 2243 1527 2321 parietes

334 2328 432 2410 ipfi
453 2330 610 2409 'loqui
637 2327 784 2410 poss‘e
805 2329 1117 2389 videantur.
1164 2349 1269 2406 ego
1303 2329 1401 2388 tibi
1422 2332 1523 2388 hoc

336 2416 630 2491 confirmo,
653 2414 749 2476 etfi
771 2413 909 2474 levis
926 2415 999 2474 est
1014 2413 1321 2476 consolatio
1346 2435 1413 2473 ex
1428 2417 1523 2472 mi·-

323 2501 484 2562 -striis
507 2501 764 2578 alior‘um,
793 2501 969 2564 nihilo
994 2516 1049 2561 te
1070 2522 1223 2562 nunc
1250 2501 1517 2579 majorein

1682 2189 1687 2266 ἶ
