1700 3059
335 162 420 219 ⁴·
551 149 675 204 AD
720 148 1319 207 FAM1L1AREs

333 242 480 318 regis
497 240 652 302 causa
666 238 704 302 fi
720 245 818 321 qui
831 241 957 303 sunt
973 247 1071 323 qui
1081 243 1279 319 velint,
1296 242 1393 322 qui
1406 262 1547 323 pau-

335 329 388 387 ci
406 324 555 402 sunt,
577 348 782 387 omnes»
790 349 906 389 rem
922 329 991 388 ad
1006 330 1327 411 Pompeium
1342 327 1547 389 deferri

333 411 559 472 volunt.
619 412 840 472 senatus
876 414 1163 492 religionis
1208 413 1545 476 calumniam

334 518 455 557 non
489 497 776 575 religione,
807 497 895 557 sed
926 498 1332 574 malevolentia,
1354 515 1411 559 et
1431 499 1545 559 illi-

335 603 408 643 us
428 586 606 661 regiae
627 584 939 661 largitionis
961 584 1171 645 invidia
1191 586 1541 664 comprobat.

335 671 655 751 Pompeium
670 684 726 728 et
741 671 973 745 hortari,
994 686 1050 728 et
1070 690 1253 747 orare,
1272 671 1457 749 etjam
1472 670 1544 729 li·

335 756 520 814 berius
550 752 817 829 accusare,
838 770 896 813 et
918 775 1170 828 monere,
1202 770 1263 814 ut
1282 776 1545 833 magnam

333 838 618 911 infamiam
630 838 825 922 fugiat,
845 860 966 899 non
982 839 1292 903 defistimus.
1320 839 1409 900 {ed
1423 841 1545 921 pla·

337 945 408 983 ne
423 945 526 985 nec
543 925 794 1003 precibus
808 923 1131 1000 nostri3,nec
1146 926 1544 986 admon-itioni-

336 1012 441 1069 bue
457 1010 720 1089 relinquit
733 1009 937 1071 locum.
970 1031 1099 1070 nam
1116 1031 1239 1071 cum
1254 1013 1315 1070 in
1334 1008 1540 1071 sermo·

338 1116 410 1155 ne
441 1096 794 1175 quotidiano,
817 1111 936 1155 tum
966 1097 1027 1154 in
1057 1094 1245 1155 senatu
1274 1096 1456 1176 palam
1472 1094 1545 1157 fic

337 1183 451 1258 egit
479 1178 692 1240 causam
717 1195 891 1257 tuam,
922 1196 985 1241 ut
1014 1200 1195 1259 neque
1222 1181 1546 1261 eloquentia

339 1268 548 1343 majore
579 1264 885 1345 quisquam,
924 1286 1101 1346 neque
1123 1269 1417 1344 gravitate,
1440 1287 1545 1329 nec

337 1350 537 1425 studio,
560 1372 662 1411 nec
691 1354 1075 1431 contentione·
1088 1372 1250 1430 agere
1275 1354 1545 1431 potuerit,

339 1457 466 1497 cum
498 1434 699 1497 summa
730 1436 1100 1496 testificatione
1136 1453 1361 1496 tuorum
1399 1438 1461 1495 in
1490 1435 1546 1496 se

337 1522 731 1597 officiorumsst
745 1523 949 1581 amoris
965 1542 1092 1600 erga
1107 1536 1161 1581 te
1175 1520 1275 1582 sui.
1303 1521 1542 1591 Marcel·

336 1607 516 1667 linum
531 1609 630 1666 tibi
643 1606 747 1667 effe
767 1609 969 1666 iratum
1001 1605 1124 1668 scis.
1170 1609 1244 1681 3⁸2,
1266 1611 1381 1667 hae·
1394 1609 1545 1685 regia

327 1692 495 1752 causa
507 1708 758 1773 excepto,
782 1694 1007 1751 caeteris
1024 1694 1083 1751 in
1102 1695 1259 1751 rebus
1274 1692 1332 1752 se
1342 1693 1542 1752 acen-i·
1606 1720 1615 1727 ·

337 1796 496 1839 mum
515 1781 598 1837 tui
611 1777 953 1838 defensorem
967 1778 1085 1837 fore
1098 1778 1355 1838 ostendit.
1388 1776 1543 1856 quod

339 1863 456 1937 dat,
479 1864 803 1942 accipimust
831 1863 984 1943 quod
1008 1862 1239 1922 instituit
1264 1863 1459 1923 referre
1474 1863 1545 1923 de

335 1948 624 2025 religione,
653 1966 709 2007 et
739 1948 893 2029 saepe
909 1949 1027 2026 jam
1042 1947 1252 2023 retulit,
1272 1952 1345 2009 ab
1364 1948 1544 2007 eode-

339 2034 466 2093 duci
493 2056 609 2093 non
622 2035 815 2113 potest.
843 2056 928 2093 res
946 2050 1072 2092 ante
1086 2034 1209 2092 idus
1226 2040 1342 2093 acta
1356 2032 1535 2093 sic-est:

339 2140 469 2179 nam
493 2124 622 2179 haec
639 2122 817 2180 idibus
833 2124 997 2178 mane
1016 2118 1214 2197 scripfi.
1243 2118 1543 2192 Hortensii,

337 2222 395 2266 et
415 2226 555 2277 mea,
578 2220 633 2264 et
651 2205 863 2265 Luculli
883 2204 1149 2262 sententia
1162 2204 1307 2262 cedit
1324 2205 1543 2280 religio-

341 2294 404 2351 ni
420 2292 486 2350 de
500 2295 742 2351 exercitu
760 2314 778 2349 ι
795 2291 972 2348 teneri
987 2291 1134 2349 enim
1151 2310 1235 2347 res
1253 2290 1411 2347 alitent
1424 2310 1543 2349 non

339 2377 538 2458 potest:
559 2376 644 2435 sed
661 2398 732 2435 ex
748 2376 846 2435 illo
864 2372 1543 2451 senatus-consulto,quod

341 2480 398 2523 te
427 2463 694 2525 referente
723 2462 930 2525 factum
948 2460 1044 2539 est,
1068 2462 1171 2521 tibi
1192 2459 1459 2541 decernit,
1482 2474 1549 2525 ut
