1700 3059
340 169 462 234 194
537 159 662 218 AD
705 157 1317 216 FAMILIARES

332 277 466 334 nos,
481 256 520 318 fl
535 257 666 339 quid
680 260 784 318 erit
799 255 917 318 istic
929 277 1096 339 opus,
1110 253 1398 318 defendes.
1420 260 1583 318 Ca&

332 341 420 404 sar
453 346 632 406 adhuc
659 347 796 405 mihi
819 345 1079 426 injuriam
1113 343 1277 406 facit·
1310 342 1381 403 cle
1410 345 1576 404 meis

332 427 849 534 supplicationibus,
871 448 927 493 et
948 435 1111 492 rebus
1128 430 1285 510 gestis
1310 429 1572 493 Dalma-

333 520 458 578 ticis
487 518 663 580 adhuc
693 541 814 580 non
836 519 1033 580 refert.
1070 517 1221 599 quali
1250 537 1390 578 vero
1426 539 1569 580 non

325 602 592 682 justiffimi
615 607 909 687 triumphi'
894 628 955 666 ιιι
973 605 1250 667 Dalmatia
1270 625 1363 665 res
1377 603 1565 684 geffe·

335 692 465 752 rim.
511 713 641 752 nam
670 691 712 754 fi
731 697 840 754 hoc
863 692 1263 774 ειιρεᾶειιιάιιιιι
1284 691 1385 769 est,
1410 693 1563 753 dum

337 791 519 856 totum
532 780 736 840 bellum
763 779 1087 842 conficiam·
1072 804 1091 855 ς
1116 781 1322 858 viginti
1338 779 1563 860 oppida
1592 841 1595 844 ,

337 863 469 926 sunt
506 866 811 928 Dalmatiae
842 869 1105 949 antiquag
1142 887 1285 946 quae
1320 865 1419 946 ipfi
1454 865 1563 927 fibi

339 949 652 1016 asciverunt
679 954 914 1038 amplius
937 953 1249 1033 sexaginta:
1280 958 1415 1014 haec
1452 952 1564 1013 nifi

341 1043 536 1102 omnin
563 1063 850 1123 expugno,
888 1040 929 1102 fi
958 1045 1095 1102 mihi
1125 1039 1557 1122 supplicationes

341 1149 460 1189 non
483 1129 857 1190 decernuntur
873 1153 891 1202 ς
918 1128 1085 1207 longe
1102 1128 1208 1188 alia
1222 1127 1559 1190 conditione

339 1235 446 1292 ego
462 1213 662 1291 sum,ac
676 1218 873 1275 caeteri
886 1218 1266 1296 imperatores·
1290 1221 1415 1292 Ego
1431 1213 1560 1294 post

346 1298 770 1380 supplicationes
786 1305 923 1362 mihi
944 1303 1187 1362 decretas
1205 1305 1265 1362 in
1281 1301 1556 1360 Dahnati-

344 1407 431 1446 am
447 1388 728 1467 profestus
749 1386 899 1450 sum:
931 1389 1025 1451 sex
1040 1388 1245 1470 oppida
1259 1390 1318 1448 vi
1334 1407 1554 1468 oppug-

349 1474 539 1533 nando
553 1477 703 1556 cepi:
729 1497 905 1538 unum
918 1481 1051 1553 hoc,
1074 1475 1229 1555 quod
1242 1489 1357 1535 erat
1372 1476 1553 1534 maxi·

347 1581 522 1637 mum,
545 1579 742 1642 quater
757 1585 788 1623 a
803 1564 1027 1642 mejam
1040 1579 1285 1644 captum.
1316 1577 1555 1640 quatuor

345 1649 498 1708 enim
517 1664 720 1725 turres,
749 1655 1075 1730 et'quatuor
1101 1669 1293 1708 muros
1317 1650 1457 1728 cepi,
1500 1663 1562 1713 et

349 1755 538 1816 arcein
561 1757 753 1797 eorum
787 1752 965 1796 totam
986 1759 1007 1798 ι
1027 1757 1100 1797 ex
1130 1757 1239 1814 qua
1254 1755 1357 1796 me
1372 1736 1555 1808 nives,

349 1819 578 1898 frigora,
594 1825 796 1883 imbres
810 1822 1183 1883 detruserunt:
1200 1821 1557 1900 indigneque,

349 1907 430 1968 mi
447 1909 668 1982 Cioern,
698 1910 965 1990 oppidum
994 1925 1239 1989 captum,
1270 1924 1327 1968 et
1352 1907 1557 1967 bellum

347 1994 468 2072 jam
490 1995 800 2056 consenum
831 1996 1145 2075 relinquere
1173 1993 1291 2055 sum
1318 1999 1561 2056 condius..

355 2100 528 2158 quare
542 2097 596 2141 te
611 2103 774 2162 roge,
799 2081 839 2144 fi
862 2103 1005 2163 opus
1028 2085 1155 2158 erit,
1180 2081 1247 2142 ad
1280 2077 1556 2142 Caesarem

354 2187 532 2228 meam
547 2190 644 2227 cau
651 2168 758 2230 sam
781 2191 935 2248 agas,
958 2189 1155 2248 meque
1170 2170 1303 2228 tibi
1288 2189 1349 2228 ιιι
1366 2188 1553 2227 omnes

359 2270 546 2334 partes
576 2254 985 2318 defendendum
1015 2271 1207 2338 putes:
1240 2257 1349 2316 hoc
1378 2252 1549 2313 existi-

356 2359 546 2417 man-s,
561 2345 838 2404 neminem
852 2359 908 2404 te
923 2345 1009 2404 tui
1022 2343 1383 2403 amantiorem
1394 2341 1556 2403 habe=

362 2445 443 2490 re.
491 2427 634 2492 vale.
667 2431 836 2492 nouis
858 2431 1125 2493 Decemb.
1152 2434 1411 2495 Narona..
