<?xml version="1.0" encoding="UTF-8"?>
<!DOCTYPE html PUBLIC "-//W3C//DTD XHTML 1.0 Transitional//EN"
    "http://www.w3.org/TR/xhtml1/DTD/xhtml1-transitional.dtd">
<html xmlns="http://www.w3.org/1999/xhtml" xml:lang="en" lang="en">
 <head>
  <title>
</title>
<meta http-equiv="Content-Type" content="text/html;charset=utf-8" />
  <meta name='ocr-system' content='tesseract 3.04.00' />
  <meta name='ocr-capabilities' content='ocr_page ocr_carea ocr_par ocr_line ocrx_word'/>
</head>
<body>
  <div class='ocr_page' id='page_1' title='image "./mtulliiciceroni10unkngoog/mtulliiciceroni10unkngoog_0159.png"; bbox 0 0 1700 3059; ppageno 0'>
   <div class='ocr_carea' id='block_1_1' title="bbox 500 197 1445 280">
    <p class='ocr_par' dir='ltr' id='par_1_1' title="bbox 500 197 1445 280">
     <span class='ocr_line' id='line_1_1' title="bbox 500 197 1445 280; baseline 0.005 -25"><span class='ocrx_word' id='word_1_1' title='bbox 500 197 829 256; x_wconf 81' lang='lat' dir='ltr'><strong>EPIST.</strong></span> <span class='ocrx_word' id='word_1_2' title='bbox 883 211 1031 257; x_wconf 77' lang='grc' dir='ltr'><strong>ιη.</strong></span> <span class='ocrx_word' id='word_1_3' title='bbox 1069 213 1167 258; x_wconf 73' lang='grc' dir='ltr'><strong>ιν.</strong></span> <span class='ocrx_word' id='word_1_4' title='bbox 1325 215 1445 280; x_wconf 80' lang='lat'><strong>149</strong></span> 
     </span>
    </p>
   </div>
   <div class='ocr_carea' id='block_1_2' title="bbox 202 292 1470 2448">
    <p class='ocr_par' dir='ltr' id='par_1_2' title="bbox 202 292 1470 2448">
     <span class='ocr_line' id='line_1_2' title="bbox 241 292 1448 375; baseline 0.002 -20"><span class='ocrx_word' id='word_1_5' title='bbox 241 293 304 356; x_wconf 81' lang='lat' dir='ltr'><strong>in</strong></span> <span class='ocrx_word' id='word_1_6' title='bbox 320 309 377 354; x_wconf 84' lang='lat' dir='ltr'><strong>te</strong></span> <span class='ocrx_word' id='word_1_7' title='bbox 391 313 547 355; x_wconf 83' lang='lat' dir='ltr'><strong>amor</strong></span> <span class='ocrx_word' id='word_1_8' title='bbox 558 293 687 370; x_wconf 86' lang='lat' dir='ltr'><strong>fuit,</strong></span> <span class='ocrx_word' id='word_1_9' title='bbox 716 292 995 375; x_wconf 84' lang='lat' dir='ltr'><strong>pietasque</strong></span> <span class='ocrx_word' id='word_1_10' title='bbox 1009 296 1070 355; x_wconf 86' lang='lat' dir='ltr'><strong>in</strong></span> <span class='ocrx_word' id='word_1_11' title='bbox 1087 315 1284 356; x_wconf 80' lang='lat' dir='ltr'><strong>omnes</strong></span> <span class='ocrx_word' id='word_1_12' title='bbox 1301 295 1448 374; x_wconf 82' lang='lat' dir='ltr'><strong>suos,</strong></span> 
     </span>
     <span class='ocr_line' id='line_1_3' title="bbox 202 380 1449 445; baseline 0.002 -3"><span class='ocrx_word' id='word_1_13' title='bbox 202 381 219 399; x_wconf 81' lang='lat'><em>⁶</em></span> <span class='ocrx_word' id='word_1_14' title='bbox 242 385 354 442; x_wconf 86' lang='lat' dir='ltr'><strong>hoc</strong></span> <span class='ocrx_word' id='word_1_15' title='bbox 368 396 515 441; x_wconf 86' lang='lat' dir='ltr'><strong>certe</strong></span> <span class='ocrx_word' id='word_1_16' title='bbox 540 381 637 440; x_wconf 79' lang='lat' dir='ltr'><strong>illa</strong></span> <span class='ocrx_word' id='word_1_17' title='bbox 658 396 717 440; x_wconf 88' lang='lat' dir='ltr'><strong>te</strong></span> <span class='ocrx_word' id='word_1_18' title='bbox 729 380 904 442; x_wconf 75' lang='lat' dir='ltr'><strong>facere</strong></span> <span class='ocrx_word' id='word_1_19' title='bbox 929 403 1048 443; x_wconf 81' lang='lat' dir='ltr'><strong>uon</strong></span> <span class='ocrx_word' id='word_1_20' title='bbox 1063 381 1206 443; x_wconf 79' lang='lat' dir='ltr'><strong>&#39;vult.</strong></span> <span class='ocrx_word' id='word_1_21' title='bbox 1253 382 1325 443; x_wconf 86' lang='lat' dir='ltr'><strong>da</strong></span> <span class='ocrx_word' id='word_1_22' title='bbox 1339 387 1449 445; x_wconf 89' lang='lat' dir='ltr'><strong>hoc</strong></span> 
     </span>
     <span class='ocr_line' id='line_1_4' title="bbox 243 467 1449 540; baseline 0.002 -12"><span class='ocrx_word' id='word_1_23' title='bbox 243 467 326 528; x_wconf 84' lang='lat' dir='ltr'><strong>ini</strong></span> <span class='ocrx_word' id='word_1_24' title='bbox 352 481 629 540; x_wconf 82' lang='lat' dir='ltr'><strong>mortuae,</strong></span> <span class='ocrx_word' id='word_1_25' title='bbox 646 467 727 527; x_wconf 73' lang='lat' dir='ltr'><strong>da</strong></span> <span class='ocrx_word' id='word_1_26' title='bbox 751 470 980 529; x_wconf 77' lang='lat' dir='ltr'><strong>caeteris</strong></span> <span class='ocrx_word' id='word_1_27' title='bbox 1007 470 1198 529; x_wconf 80' lang='lat' dir='ltr'>amicis</span> <span class='ocrx_word' id='word_1_28' title='bbox 1211 489 1274 530; x_wconf 83' lang='lat' dir='ltr'><strong>ac</strong></span> <span class='ocrx_word' id='word_1_29' title='bbox 1288 469 1449 530; x_wconf 83' lang='lat' dir='ltr'><strong>fami·</strong></span> 
     </span>
     <span class='ocr_line' id='line_1_5' title="bbox 242 552 1451 638; baseline 0.002 -24"><span class='ocrx_word' id='word_1_30' title='bbox 242 553 497 630; x_wconf 67' lang='lat' dir='ltr'><strong>Haribus,</strong></span> <span class='ocrx_word' id='word_1_31' title='bbox 519 555 615 632; x_wconf 85' lang='lat' dir='ltr'><strong>qui</strong></span> <span class='ocrx_word' id='word_1_32' title='bbox 630 569 728 613; x_wconf 86' lang='lat' dir='ltr'><strong>tuo</strong></span> <span class='ocrx_word' id='word_1_33' title='bbox 744 552 940 615; x_wconf 84' lang='lat' dir='ltr'><strong>dolore</strong></span> <span class='ocrx_word' id='word_1_34' title='bbox 955 572 1208 615; x_wconf 85' lang='lat' dir='ltr'><strong>moerent</strong></span> <span class='ocrx_word' id='word_1_35' title='bbox 1221 577 1238 614; x_wconf 72' lang='grc' dir='ltr'><em>τ</em></span> <span class='ocrx_word' id='word_1_36' title='bbox 1263 557 1336 616; x_wconf 89' lang='lat' dir='ltr'><strong>da</strong></span> <span class='ocrx_word' id='word_1_37' title='bbox 1349 577 1451 638; x_wconf 75' lang='lat' dir='ltr'><strong>pa·</strong></span> 
     </span>
     <span class='ocr_line' id='line_1_6' title="bbox 246 637 1453 723; baseline 0.004 -22"><span class='ocrx_word' id='word_1_38' title='bbox 246 641 405 713; x_wconf 76' lang='lat' dir='ltr'><strong>triae,</strong></span> <span class='ocrx_word' id='word_1_39' title='bbox 435 655 523 715; x_wconf 86' lang='lat' dir='ltr'><strong>ut,</strong></span> <span class='ocrx_word' id='word_1_40' title='bbox 550 637 591 700; x_wconf 85' lang='lat' dir='ltr'><strong>fi</strong></span> <span class='ocrx_word' id='word_1_41' title='bbox 608 659 721 718; x_wconf 76' lang='lat' dir='ltr'><strong>qua</strong></span> <span class='ocrx_word' id='word_1_42' title='bbox 749 642 809 700; x_wconf 85' lang='lat' dir='ltr'><strong>in</strong></span> <span class='ocrx_word' id='word_1_43' title='bbox 836 662 896 700; x_wconf 91' lang='lat' dir='ltr'><strong>re</strong></span> <span class='ocrx_word' id='word_1_44' title='bbox 922 661 1064 722; x_wconf 79' lang='lat' dir='ltr'><strong>opus</strong></span> <span class='ocrx_word' id='word_1_45' title='bbox 1089 640 1177 717; x_wconf 78' lang='lat' dir='ltr'><strong>fit,</strong></span> <span class='ocrx_word' id='word_1_46' title='bbox 1205 663 1370 723; x_wconf 78' lang='lat' dir='ltr'><strong>opera</strong></span> <span class='ocrx_word' id='word_1_47' title='bbox 1391 659 1453 706; x_wconf 87' lang='lat' dir='ltr'><strong>et</strong></span> 
     </span>
     <span class='ocr_line' id='line_1_7' title="bbox 246 725 1453 808; baseline 0.002 -19"><span class='ocrx_word' id='word_1_48' title='bbox 246 725 477 789; x_wconf 74' lang='lat' dir='ltr'><strong>oonfizlio</strong></span> <span class='ocrx_word' id='word_1_49' title='bbox 492 741 593 786; x_wconf 86' lang='lat' dir='ltr'><strong>tuo</strong></span> <span class='ocrx_word' id='word_1_50' title='bbox 606 728 689 786; x_wconf 79' lang='lat' dir='ltr'><strong>uti</strong></span> <span class='ocrx_word' id='word_1_51' title='bbox 700 727 882 808; x_wconf 80' lang='lat' dir='ltr'><strong>poffit.</strong></span> <span class='ocrx_word' id='word_1_52' title='bbox 905 727 1170 808; x_wconf 83' lang='lat' dir='ltr'><strong>denique,</strong></span> <span class='ocrx_word' id='word_1_53' title='bbox 1185 731 1453 807; x_wconf 82' lang='lat' dir='ltr'><strong>quoniam</strong></span> 
     </span>
     <span class='ocr_line' id='line_1_8' title="bbox 244 811 1451 891; baseline 0.002 -17"><span class='ocrx_word' id='word_1_54' title='bbox 244 816 311 874; x_wconf 84' lang='lat' dir='ltr'><strong>in</strong></span> <span class='ocrx_word' id='word_1_55' title='bbox 334 833 463 874; x_wconf 65' lang='lat' dir='ltr'><strong>«eam</strong></span> <span class='ocrx_word' id='word_1_56' title='bbox 492 811 776 874; x_wconf 74' lang='lat' dir='ltr'><strong>fortunam</strong></span> <span class='ocrx_word' id='word_1_57' title='bbox 804 814 1150 891; x_wconf 81' lang='lat' dir='ltr'>devenimus,</span> <span class='ocrx_word' id='word_1_58' title='bbox 1195 830 1258 873; x_wconf 86' lang='lat' dir='ltr'><strong>ut</strong></span> <span class='ocrx_word' id='word_1_59' title='bbox 1285 817 1451 877; x_wconf 82' lang='lat' dir='ltr'><strong>etiam</strong></span> 
     </span>
     <span class='ocr_line' id='line_1_9' title="bbox 246 897 1451 964; baseline 0.002 -2"><span class='ocrx_word' id='word_1_60' title='bbox 246 902 379 962; x_wconf 81' lang='lat' dir='ltr'><strong>huie</strong></span> <span class='ocrx_word' id='word_1_61' title='bbox 390 902 471 960; x_wconf 84' lang='lat' dir='ltr'><strong>rei</strong></span> <span class='ocrx_word' id='word_1_62' title='bbox 484 901 649 960; x_wconf 77' lang='lat' dir='ltr'><strong>nobis</strong></span> <span class='ocrx_word' id='word_1_63' title='bbox 674 897 1019 960; x_wconf 81' lang='lat' dir='ltr'><strong>serviendum</strong></span> <span class='ocrx_word' id='word_1_64' title='bbox 1033 899 1096 960; x_wconf 85' lang='lat' dir='ltr'><strong>fit</strong></span> <span class='ocrx_word' id='word_1_65' title='bbox 1110 923 1126 960; x_wconf 72' lang='grc' dir='ltr'><strong>ε</strong></span> <span class='ocrx_word' id='word_1_66' title='bbox 1160 900 1281 961; x_wconf 82' lang='lat' dir='ltr'><strong>noli</strong></span> <span class='ocrx_word' id='word_1_67' title='bbox 1295 923 1451 964; x_wconf 83' lang='lat' dir='ltr'><strong>com·</strong></span> 
     </span>
     <span class='ocr_line' id='line_1_10' title="bbox 246 982 1455 1066; baseline 0.002 -19"><span class='ocrx_word' id='word_1_68' title='bbox 246 988 491 1061; x_wconf 75' lang='lat' dir='ltr'><strong>mittere,</strong></span> <span class='ocrx_word' id='word_1_69' title='bbox 518 1001 581 1046; x_wconf 88' lang='lat' dir='ltr'><strong>ut</strong></span> <span class='ocrx_word' id='word_1_70' title='bbox 594 982 880 1064; x_wconf 81' lang='lat' dir='ltr'><strong>quisquam</strong></span> <span class='ocrx_word' id='word_1_71' title='bbox 895 1002 951 1046; x_wconf 90' lang='lat' dir='ltr'><strong>te</strong></span> <span class='ocrx_word' id='word_1_72' title='bbox 966 1001 1120 1066; x_wconf 86' lang='lat' dir='ltr'><strong>putet</strong></span> <span class='ocrx_word' id='word_1_73' title='bbox 1134 1007 1252 1046; x_wconf 89' lang='lat' dir='ltr'><strong>non</strong></span> <span class='ocrx_word' id='word_1_74' title='bbox 1269 1003 1378 1048; x_wconf 87' lang='lat' dir='ltr'><strong>tam</strong></span> <span class='ocrx_word' id='word_1_75' title='bbox 1391 985 1455 1049; x_wconf 81' lang='lat' dir='ltr'><strong>fi·</strong></span> 
     </span>
     <span class='ocr_line' id='line_1_11' title="bbox 247 1072 1454 1153; baseline 0.001 -19"><span class='ocrx_word' id='word_1_76' title='bbox 247 1073 402 1150; x_wconf 78' lang='lat' dir='ltr'>liam,</span> <span class='ocrx_word' id='word_1_77' title='bbox 432 1093 600 1152; x_wconf 81' lang='lat' dir='ltr'><strong>quam</strong></span> <span class='ocrx_word' id='word_1_78' title='bbox 625 1072 950 1150; x_wconf 80' lang='lat' dir='ltr'><strong>reipublicae</strong></span> <span class='ocrx_word' id='word_1_79' title='bbox 975 1086 1224 1153; x_wconf 79' lang='lat' dir='ltr'><strong>tempora</strong></span> <span class='ocrx_word' id='word_1_80' title='bbox 1245 1089 1301 1132; x_wconf 89' lang='lat' dir='ltr'><strong>et</strong></span> <span class='ocrx_word' id='word_1_81' title='bbox 1315 1074 1454 1136; x_wconf 82' lang='lat' dir='ltr'><strong>alio·</strong></span> 
     </span>
     <span class='ocr_line' id='line_1_12' title="bbox 248 1158 1454 1237; baseline 0.002 -17"><span class='ocrx_word' id='word_1_82' title='bbox 248 1179 375 1220; x_wconf 83' lang='lat' dir='ltr'><strong>rum</strong></span> <span class='ocrx_word' id='word_1_83' title='bbox 388 1160 677 1219; x_wconf 59' lang='lat' dir='ltr'><strong>victoriam</strong></span> <span class='ocrx_word' id='word_1_84' title='bbox 702 1158 904 1236; x_wconf 85' lang='lat' dir='ltr'><strong>lugere.</strong></span> <span class='ocrx_word' id='word_1_85' title='bbox 955 1158 1113 1237; x_wconf 82' lang='lat' dir='ltr'><strong>plura</strong></span> <span class='ocrx_word' id='word_1_86' title='bbox 1127 1179 1214 1220; x_wconf 88' lang='lat' dir='ltr'><strong>me</strong></span> <span class='ocrx_word' id='word_1_87' title='bbox 1229 1159 1297 1218; x_wconf 82' lang='lat' dir='ltr'><strong>ad</strong></span> <span class='ocrx_word' id='word_1_88' title='bbox 1313 1175 1369 1218; x_wconf 80' lang='lat' dir='ltr'><strong>te</strong></span> <span class='ocrx_word' id='word_1_89' title='bbox 1382 1160 1454 1224; x_wconf 88' lang='lat' dir='ltr'><strong>de</strong></span> 
     </span>
     <span class='ocr_line' id='line_1_13' title="bbox 248 1244 1455 1326; baseline 0.002 -20"><span class='ocrx_word' id='word_1_90' title='bbox 248 1249 353 1306; x_wconf 72' lang='lat' dir='ltr'><strong>hac</strong></span> <span class='ocrx_word' id='word_1_91' title='bbox 366 1265 425 1305; x_wconf 88' lang='lat' dir='ltr'><strong>re</strong></span> <span class='ocrx_word' id='word_1_92' title='bbox 436 1244 671 1306; x_wconf 72' lang='lat' dir='ltr'><strong>stribere</strong></span> <span class='ocrx_word' id='word_1_93' title='bbox 686 1244 878 1324; x_wconf 87' lang='lat' dir='ltr'><strong>pudet,</strong></span> <span class='ocrx_word' id='word_1_94' title='bbox 907 1266 980 1305; x_wconf 86' lang='lat' dir='ltr'><strong>ne</strong></span> <span class='ocrx_word' id='word_1_95' title='bbox 999 1245 1190 1306; x_wconf 82' lang='lat' dir='ltr'><strong>videar</strong></span> <span class='ocrx_word' id='word_1_96' title='bbox 1212 1247 1455 1326; x_wconf 85' lang='lat' dir='ltr'><strong>pruden-</strong></span> 
     </span>
     <span class='ocr_line' id='line_1_14' title="bbox 248 1330 1454 1411; baseline 0.003 -18"><span class='ocrx_word' id='word_1_97' title='bbox 248 1334 363 1393; x_wconf 76' lang='lat' dir='ltr'><strong>tiae</strong></span> <span class='ocrx_word' id='word_1_98' title='bbox 384 1347 513 1392; x_wconf 75' lang='lat' dir='ltr'><strong>tuae</strong></span> <span class='ocrx_word' id='word_1_99' title='bbox 540 1330 807 1392; x_wconf 83' lang='lat' dir='ltr'><strong>diffidere.</strong></span> <span class='ocrx_word' id='word_1_100' title='bbox 860 1351 1054 1411; x_wconf 84' lang='lat' dir='ltr'><strong>quare,</strong></span> <span class='ocrx_word' id='word_1_101' title='bbox 1082 1331 1123 1392; x_wconf 81' lang='lat' dir='ltr'><strong>fi</strong></span> <span class='ocrx_word' id='word_1_102' title='bbox 1147 1336 1256 1393; x_wconf 88' lang='lat' dir='ltr'><strong>hoc</strong></span> <span class='ocrx_word' id='word_1_103' title='bbox 1277 1354 1454 1398; x_wconf 81' lang='lat' dir='ltr'><strong>unum</strong></span> 
     </span>
     <span class='ocr_line' id='line_1_15' title="bbox 250 1416 1455 1501; baseline 0.002 -23"><span class='ocrx_word' id='word_1_104' title='bbox 250 1417 612 1501; x_wconf 76' lang='lat' dir='ltr'>proposuero,</span> <span class='ocrx_word' id='word_1_105' title='bbox 641 1416 807 1478; x_wconf 82' lang='lat' dir='ltr'><strong>finem</strong></span> <span class='ocrx_word' id='word_1_106' title='bbox 820 1417 1016 1479; x_wconf 78' lang='lat' dir='ltr'>faciam</span> <span class='ocrx_word' id='word_1_107' title='bbox 1031 1416 1318 1480; x_wconf 74' lang='lat' dir='ltr'><strong>scribendi.</strong></span> <span class='ocrx_word' id='word_1_108' title='bbox 1366 1421 1455 1481; x_wconf 83' lang='lat' dir='ltr'><strong>vi·</strong></span> 
     </span>
     <span class='ocr_line' id='line_1_16' title="bbox 252 1503 1458 1586; baseline 0.002 -21"><span class='ocrx_word' id='word_1_109' title='bbox 252 1504 433 1566; x_wconf 80' lang='lat' dir='ltr'><strong>dimus</strong></span> <span class='ocrx_word' id='word_1_110' title='bbox 462 1505 755 1585; x_wconf 79' lang='lat' dir='ltr'>aliquoties</span> <span class='ocrx_word' id='word_1_111' title='bbox 784 1503 1076 1566; x_wconf 87' lang='lat' dir='ltr'><strong>secundam</strong></span> <span class='ocrx_word' id='word_1_112' title='bbox 1092 1505 1458 1586; x_wconf 82' lang='lat' dir='ltr'>pulcherrime</span> 
     </span>
     <span class='ocr_line' id='line_1_17' title="bbox 253 1589 1458 1670; baseline 0.001 -18"><span class='ocrx_word' id='word_1_113' title='bbox 253 1605 313 1652; x_wconf 80' lang='lat' dir='ltr'><strong>te</strong></span> <span class='ocrx_word' id='word_1_114' title='bbox 331 1591 475 1652; x_wconf 88' lang='lat' dir='ltr'><strong>ferre</strong></span> <span class='ocrx_word' id='word_1_115' title='bbox 497 1589 801 1666; x_wconf 83' lang='lat' dir='ltr'><strong>fortunam,</strong></span> <span class='ocrx_word' id='word_1_116' title='bbox 828 1611 1195 1670; x_wconf 82' lang='lat' dir='ltr'><strong>magnamque</strong></span> <span class='ocrx_word' id='word_1_117' title='bbox 1213 1613 1286 1652; x_wconf 85' lang='lat' dir='ltr'><strong>ex</strong></span> <span class='ocrx_word' id='word_1_118' title='bbox 1310 1612 1373 1651; x_wconf 84' lang='lat' dir='ltr'><strong>ea</strong></span> <span class='ocrx_word' id='word_1_119' title='bbox 1396 1613 1458 1653; x_wconf 88' lang='lat' dir='ltr'><strong>re</strong></span> 
     </span>
     <span class='ocr_line' id='line_1_18' title="bbox 252 1675 1458 1756; baseline -0.001 -17"><span class='ocrx_word' id='word_1_120' title='bbox 252 1693 311 1740; x_wconf 79' lang='lat' dir='ltr'><strong>te</strong></span> <span class='ocrx_word' id='word_1_121' title='bbox 324 1677 541 1738; x_wconf 84' lang='lat' dir='ltr'><strong>laudem</strong></span> <span class='ocrx_word' id='word_1_122' title='bbox 556 1675 718 1756; x_wconf 83' lang='lat' dir='ltr'>apisci</span> <span class='ocrx_word' id='word_1_123' title='bbox 734 1699 751 1735; x_wconf 76' lang='lat' dir='ltr'>t</span> <span class='ocrx_word' id='word_1_124' title='bbox 769 1677 855 1736; x_wconf 80' lang='lat' dir='ltr'><strong>fac</strong></span> <span class='ocrx_word' id='word_1_125' title='bbox 870 1677 1168 1756; x_wconf 83' lang='lat' dir='ltr'><strong>aliquando</strong></span> <span class='ocrx_word' id='word_1_126' title='bbox 1183 1678 1458 1756; x_wconf 85' lang='lat' dir='ltr'><strong>intelliga-</strong></span> 
     </span>
     <span class='ocr_line' id='line_1_19' title="bbox 255 1760 1462 1843; baseline 0.001 -19"><span class='ocrx_word' id='word_1_127' title='bbox 255 1785 403 1838; x_wconf 82' lang='lat' dir='ltr'><strong>mus,</strong></span> <span class='ocrx_word' id='word_1_128' title='bbox 448 1760 727 1822; x_wconf 84' lang='lat' dir='ltr'><strong>adversam</strong></span> <span class='ocrx_word' id='word_1_129' title='bbox 763 1782 990 1843; x_wconf 86' lang='lat' dir='ltr'><strong>quoque</strong></span> <span class='ocrx_word' id='word_1_130' title='bbox 1029 1778 1084 1822; x_wconf 89' lang='lat' dir='ltr'><strong>te</strong></span> <span class='ocrx_word' id='word_1_131' title='bbox 1113 1783 1283 1842; x_wconf 89' lang='lat' dir='ltr'><strong>aeque</strong></span> <span class='ocrx_word' id='word_1_132' title='bbox 1316 1764 1462 1826; x_wconf 84' lang='lat' dir='ltr'><strong>ferre</strong></span> 
     </span>
     <span class='ocr_line' id='line_1_20' title="bbox 259 1849 1464 1933; baseline -0.001 -21"><span class='ocrx_word' id='word_1_133' title='bbox 259 1849 430 1933; x_wconf 58' lang='lat' dir='ltr'>pesth,</span> <span class='ocrx_word' id='word_1_134' title='bbox 460 1869 641 1928; x_wconf 86' lang='lat' dir='ltr'><strong>neque</strong></span> <span class='ocrx_word' id='word_1_135' title='bbox 655 1849 712 1909; x_wconf 87' lang='lat' dir='ltr'><strong>id</strong></span> <span class='ocrx_word' id='word_1_136' title='bbox 728 1850 928 1928; x_wconf 86' lang='lat' dir='ltr'><strong>majus,</strong></span> <span class='ocrx_word' id='word_1_137' title='bbox 959 1869 1123 1929; x_wconf 87' lang='lat' dir='ltr'><strong>quam</strong></span> <span class='ocrx_word' id='word_1_138' title='bbox 1144 1850 1360 1924; x_wconf 82' lang='lat' dir='ltr'><strong>debeat,</strong></span> <span class='ocrx_word' id='word_1_139' title='bbox 1389 1853 1464 1911; x_wconf 81' lang='lat' dir='ltr'><strong>ti-</strong></span> 
     </span>
     <span class='ocr_line' id='line_1_21' title="bbox 254 1935 1463 1999; baseline -0.001 0"><span class='ocrx_word' id='word_1_140' title='bbox 254 1940 314 1999; x_wconf 81' lang='lat' dir='ltr'><strong>bi</strong></span> <span class='ocrx_word' id='word_1_141' title='bbox 328 1956 475 1998; x_wconf 75' lang='lat' dir='ltr'><strong>onus</strong></span> <span class='ocrx_word' id='word_1_142' title='bbox 486 1935 661 1996; x_wconf 84' lang='lat' dir='ltr'><strong>videri</strong></span> <span class='ocrx_word' id='word_1_143' title='bbox 678 1957 693 1995; x_wconf 87' lang='lat'><em>=</em></span> <span class='ocrx_word' id='word_1_144' title='bbox 720 1956 791 1995; x_wconf 91' lang='lat' dir='ltr'><strong>ne</strong></span> <span class='ocrx_word' id='word_1_145' title='bbox 804 1956 876 1996; x_wconf 84' lang='lat' dir='ltr'><strong>ex</strong></span> <span class='ocrx_word' id='word_1_146' title='bbox 889 1937 1152 1996; x_wconf 84' lang='lat' dir='ltr'><strong>omnibus</strong></span> <span class='ocrx_word' id='word_1_147' title='bbox 1165 1939 1463 1998; x_wconf 77' lang='lat' dir='ltr'><strong>virtutibus</strong></span> 
     </span>
     <span class='ocr_line' id='line_1_22' title="bbox 256 2021 1466 2101; baseline -0.001 -16"><span class='ocrx_word' id='word_1_148' title='bbox 256 2027 393 2086; x_wconf 85' lang='lat' dir='ltr'><strong>haec</strong></span> <span class='ocrx_word' id='word_1_149' title='bbox 421 2042 533 2082; x_wconf 85' lang='lat' dir='ltr'><strong>una</strong></span> <span class='ocrx_word' id='word_1_150' title='bbox 561 2023 663 2082; x_wconf 79' lang='lat' dir='ltr'><strong>tibi</strong></span> <span class='ocrx_word' id='word_1_151' title='bbox 691 2023 944 2082; x_wconf 82' lang='lat' dir='ltr'><strong>videatur</strong></span> <span class='ocrx_word' id='word_1_152' title='bbox 971 2021 1164 2083; x_wconf 82' lang='lat' dir='ltr'><strong>deess&#39;e.</strong></span> <span class='ocrx_word' id='word_1_153' title='bbox 1211 2023 1365 2101; x_wconf 91' lang='lat' dir='ltr'><strong>quod</strong></span> <span class='ocrx_word' id='word_1_154' title='bbox 1395 2023 1466 2084; x_wconf 80' lang='lat' dir='ltr'><strong>ad</strong></span> 
     </span>
     <span class='ocr_line' id='line_1_23' title="bbox 258 2108 1466 2188; baseline -0.001 -17"><span class='ocrx_word' id='word_1_155' title='bbox 258 2131 351 2171; x_wconf 86' lang='lat' dir='ltr'><strong>me</strong></span> <span class='ocrx_word' id='word_1_156' title='bbox 364 2112 588 2182; x_wconf 83' lang='lat' dir='ltr'>attinet,</span> <span class='ocrx_word' id='word_1_157' title='bbox 608 2128 733 2168; x_wconf 89' lang='lat' dir='ltr'><strong>cum</strong></span> <span class='ocrx_word' id='word_1_158' title='bbox 749 2123 803 2168; x_wconf 90' lang='lat' dir='ltr'><strong>te</strong></span> <span class='ocrx_word' id='word_1_159' title='bbox 820 2108 1257 2188; x_wconf 84' lang='lat' dir='ltr'><strong>tranquilliorem</strong></span> <span class='ocrx_word' id='word_1_160' title='bbox 1275 2112 1466 2170; x_wconf 84' lang='lat' dir='ltr'><strong>animo</strong></span> 
     </span>
     <span class='ocr_line' id='line_1_24' title="bbox 261 2192 1466 2274; baseline -0.002 -17"><span class='ocrx_word' id='word_1_161' title='bbox 261 2195 367 2257; x_wconf 79' lang='lat' dir='ltr'><strong>effe</strong></span> <span class='ocrx_word' id='word_1_162' title='bbox 389 2215 665 2272; x_wconf 78' lang='lat' dir='ltr'><strong>cognom,</strong></span> <span class='ocrx_word' id='word_1_163' title='bbox 709 2192 779 2253; x_wconf 88' lang='lat' dir='ltr'><strong>de</strong></span> <span class='ocrx_word' id='word_1_164' title='bbox 800 2195 870 2253; x_wconf 82' lang='lat' dir='ltr'><strong>iis</strong></span> <span class='ocrx_word' id='word_1_165' title='bbox 896 2197 1057 2254; x_wconf 80' lang='lat' dir='ltr'><strong>rebus</strong></span> <span class='ocrx_word' id='word_1_166' title='bbox 1079 2213 1220 2273; x_wconf 82' lang='lat' dir='ltr'><strong>quae</strong></span> <span class='ocrx_word' id='word_1_167' title='bbox 1249 2199 1341 2258; x_wconf 73' lang='lat' dir='ltr'><strong>hic</strong></span> <span class='ocrx_word' id='word_1_168' title='bbox 1369 2217 1466 2274; x_wconf 88' lang='lat' dir='ltr'><strong>ge·</strong></span> 
     </span>
     <span class='ocr_line' id='line_1_25' title="bbox 258 2279 1470 2362; baseline 0.001 -19"><span class='ocrx_word' id='word_1_169' title='bbox 258 2297 487 2356; x_wconf 71' lang='lat' dir='ltr'><strong>mutar,</strong></span> <span class='ocrx_word' id='word_1_170' title='bbox 514 2280 1084 2360; x_wconf 82' lang='lat' dir='ltr'><strong>quemadmodumque</strong></span> <span class='ocrx_word' id='word_1_171' title='bbox 1105 2279 1158 2340; x_wconf 91' lang='lat' dir='ltr'><strong>se</strong></span> <span class='ocrx_word' id='word_1_172' title='bbox 1177 2283 1470 2362; x_wconf 79' lang='lat' dir='ltr'><strong>provincia</strong></span> 
     </span>
     <span class='ocr_line' id='line_1_26' title="bbox 255 2366 1226 2448; baseline 0.001 -18"><span class='ocrx_word' id='word_1_173' title='bbox 255 2371 484 2448; x_wconf 65' lang='lat' dir='ltr'><strong>lubeat,</strong></span> <span class='ocrx_word' id='word_1_174' title='bbox 514 2368 806 2430; x_wconf 82' lang='lat' dir='ltr'><strong>certiorem</strong></span> <span class='ocrx_word' id='word_1_175' title='bbox 819 2367 1038 2431; x_wconf 81' lang='lat' dir='ltr'><strong>faciam.</strong></span> <span class='ocrx_word' id='word_1_176' title='bbox 1083 2366 1226 2431; x_wconf 85' lang='lat' dir='ltr'><strong>vale.</strong></span> 
     </span>
    </p>
   </div>
  </div>
 </body>
</html>
