1700 3059
307 183 426 248 268
516 186 641 244 AD
684 177 1289 242 FAMILIARES

297 283 532 360 ferebas,
555 282 942 363 tranquilliora
955 281 1097 341 laete
1112 279 1277 340 feras.
1304 297 1421 358 ego
1432 291 1523 338 ta·-

303 391 433 433 men
449 373 562 431 tuis
577 373 738 431 rebus
760 369 831 430 fic
845 369 1036 440 adero,
1056 382 1121 426 ut
1136 365 1483 427 difficillimis
1496 383 1517 423 ε

303 477 486 537 neque
502 456 713 517 Caesari
734 456 933 530 solum,
954 453 1047 514 sed
1066 455 1235 512 etiam
1248 453 1453 512 amieis
1464 471 1521 508 e·

297 546 398 624 jus
421 545 703 618 omnibus,
727 559 873 622 quos
894 543 1030 602 mihi
1052 539 1401 600 amiciffimos
1416 534 1525 596 effi=

305 633 578 708 cognovi,
606 651 710 710 pro
735 645 811 704 te,
834 627 971 688 ficut
994 626 1171 688 adhuc
1186 625 1315 702 feci,
1338 623 1525 684 liben-

305 716 496 776 tiffime
511 715 848 799 supplicabo,
896 713 1045 774 vale.

579 911 848 954 clctno
883 908 1169 952 nasum
1206 905 1259 948 s.

401 979 538 1040 Tibi
570 980 842 1058 gratulor,
864 980 1001 1038 mihi
1024 974 1259 1054 gaudeo,
1280 987 1339 1031 te
1368 989 1530 1044 amo,
1554 967 1613 1012 ¹5

315 1077 412 1125 tua
427 1081 606 1127 tueor.
637 1087 670 1125 a
686 1082 740 1125 te
755 1064 949 1138 amari,
964 1079 1023 1122 et
1036 1059 1171 1142 quid
1186 1079 1338 1139 agas,
1360 1055 1531 1137 quid·

319 1171 430 1235 que
443 1169 659 1233 agatur,
681 1155 887 1214 certior
901 1149 1017 1210 fieri
1032 1149 1189 1209 volo.

465 1343 909 1388 nlrnvmcus
948 1339 1302 1384 cxcnnom
1341 1339 1395 1380 s.

409 1414 465 1474 si
489 1415 623 1474 mihi
647 1429 827 1474 tecum
854 1433 975 1471 non
1000 1409 1273 1470 etmultae
1286 1421 1345 1465 et
1359 1401 1543 1482 justae
1572 1391 1629 1435 ¹⁶

325 1497 512 1560 causae
527 1502 795 1560 amicitiae
817 1500 1077 1580 privatim
1102 1495 1295 1567 essent,
1318 1507 1543 1572 repete-

327 1603 443 1646 rem
474 1590 634 1646 initia
663 1589 935 1647 amicitiae
964 1606 1037 1644 ex
1060 1583 1383 1665 parentibus
1402 1575 1542 1638 nos·

329 1675 468 1748 tris;
509 1674 661 1754 quod
690 1673 1001 1734 faciendum
1024 1674 1095 1730 iis
1124 1667 1403 1738 existimo,
1440 1665 1544 1744 qui

245 1807 258 1822 .
331 1775 618 1840 paternam
661 1761 955 1820 amicitiam
992 1756 1157 1818 nullis
1196 1753 1297 1836 ipfi
1334 1752 1535 1811 officiis

331 1846 604 1928 prosecuti
619 1846 764 1908 sunt.
777 1849 965 1925 itaque
981 1858 1279 1904 contentus
1294 1859 1393 1898 ero
1410 1834 1545 1897 nos-

331 1949 418 1994 tra
431 1932 672 2014 ipsorum
689 1934 951 2008 amicitia,
974 1931 1061 2008 cuj
1068 1950 1133 1988 us
1150 1927 1347 1986 fiducia
1362 1940 1496 2005 peto
1510 1943 1547 1982 a

333 2035 413 2094 te,
435 2035 500 2078 ut
515 2018 788 2096 absentem
812 2040 922 2092 me,
950 2013 1363 2096 quibuscunque
1378 2014 1441 2069 in
1457 2030 1543 2068 re·

337 2109 442 2166 bus
457 2127 598 2187 opus
613 2101 1052 2183 fuerit‚tueare‚fi
1066 2099 1280 2160 nullum
1296 2097 1548 2158 officium

337 2207 498 2254 tuum
533 2193 679 2272 apud
714 2214 804 2254 me
837 2191 1317 2252 intermoriturum
1362 2181 1549 2244 existi·

327 2297 480 2342 mas.
524 2278 668 2340 vale.
849 2287 858 2292 ’

493 2472 566 2512 m.
599 2471 864 2512 cicnno
906 2465 1303 2511 mnxnuco
1340 2463 1396 2506 s.

431 2543 576 2599 Cum
603 2553 939 2600 caetetarum
978 2555 1160 2598 rerum
1196 2529 1355 2594 causa
1382 2528 1553 2612 cupio
1584 2548 1638 2599 ¹7
