1700 3059
329 141 452 240 130
537 161 667 218 AD
713 149 1327 236 FAMILIARES

323 245 735 336 genere'officii‚
747 255 903 337 quod
918 249 989 316 ad
1002 253 1341 316 honestatem
1354 269 1425 316 et
1434 245 1575 335 'glo-

321 347 460 404 riam
477 359 630 404 tuam
655 343 859 425 spe6tet
874 365 892 402 ε
926 344 987 402 in
1014 362 1129 423 quo
1158 335 1369 402 eiiamfi
1392 345 1571 404 multi

320 451 542 492 mecum
557 429 928 504 contendent,
959 445 1147 489 tamen
1170 449 1298 488 eum
1316 429 1567 510 reliquis

321 520 606 592 omnibus,
623 533 742 578 tum
759 515 959 576 Crassis
974 515 1407 594 tuisjudicibus,
1430 538 1563 578 om-

323 625 427 666 nes
450 603 613 664 facile
647 603 916 684 superabo
939 624 956 663 ε
996 623 1142 682 quos
1176 601 1409 682 quidem
1442 625 1561 684 ego

321 694 488 752 ambo
503 693 666 751 unice
679 689 875 769 diligo,
896 687 985 750 sed
1002 693 1065 750 in
1082 695 1279 748 Marco
1293 691 1558 752 benevo-

323 778 496 839 lentia
507 779 732 857 impari.
779 781 889 838 hoc
904 778 1079 856 magis
1096 774 1211 836 sum
1232 777 1441 837 Publio
1454 777 1556 838 de·

321 865 497 942 ditus,
513 864 667 944 quod
683 885 795 939 me,
811 883 1131 943 quanquam
1148 884 1180 922 a
1192 864 1439 944 pueritia
1456 864 1553 926 sua

322 951 552 1032 semper,
567 967 753 1010 tamen
771 954 882 1012 hoe
896 965 1145 1032 tempore
1162 951 1433 1026 maxime,
1450 951 1555 1012 fie-

326 1055 388 1100 nt
419 1039 648 1098 alterum
665 1054 972 1118 parentem,
1006 1052 1063 1098 et
1084 1035 1360 1113 observat,
1384 1053 1447 1098 et
1464 1040 1557 1099 di-

325 1125 470 1204 ligit.
515 1129 614 1185 has
644 1124 832 1184 literas
860 1123 1029 1184 velim
1060 1121 1330 1183 existimes
1350 1121 1555 1185 foede-
1681 1163 1682 1196 3

325 1215 404 1273 nis
420 1214 700 1272 habituras
717 1209 820 1270 effe
833 1213 973 1286 vim,
994 1231 1116 1270 non
1130 1208 1405 1290 epistolae,
1430 1231 1551 1271 me·

328 1321 438 1378 que
465 1319 552 1373 ea,
595 1319 736 1378 quae
765 1301 869 1359 tibi
898 1301 1171 1380 promitto
1207 1319 1271 1358 ac
1308 1301 1551 1380 recipio,

327 1385 644 1446 fanfflffime
659 1384 762 1446 effe
777 1385 1215 1458 observaturum,
1236 1383 1549 1462 diligentis-

327 1471 566 1552 fimeque
580 1470 684 1532 effe
697 1471 993 1533 faetumm.
1025 1491 1167 1551 qnae
1180 1492 1213 1531 a
1224 1490 1313 1532 me
1327 1469 1549 1554 suscep-

328 1575 388 1620 ta
401 1557 642 1620 defenfio
652 1557 811 1635 ›est,te
827 1557 1072 1635 absente,
1086 1557 1371 1636 dignitatis
1388 1573 1550 1636 tuae,

327 1649 391 1708 in
407 1667 472 1707 ea
495 1649 615 1726 jam
637 1666 744 1724 ego
768 1667 889 1705 non
921 1644 1095 1706 solum
1118 1647 1385 1707 amicitiae
1406 1646 1547 1708 nos-

327 1749 476 1811 trae,
520 1730 611 1792 sed
640 1735 804 1793 etiam
833 1731 1173 1794 constantiae
1201 1753 1349 1792 meae
1376 1733 1549 1796 cansa

328 1822 686 1902 permanebo.
743 1821 1102 1902 quamobrem
1133 1818 1261 1879 satis
1294 1817 1399 1878 effe
1433 1823 1549 1883 hoc

329 1923 580 1989 tempore
593 1909 887 1968 arbitratus
912 1906 1031 1968 sum
1050 1911 1159 1968 hoe
1184 1906 1253 1966 ad
1268 1921 1323 1986 te
1336 1903 1547 1970 scribe·

327 2015 420 2056 re:
453 2015 561 2070 me,
593 1993 633 2055 fi
664 1995 797 2073 quid
825 1991 939 2074 ipse
960 1993 1320 2072 intelligerem
1348 2009 1449 2053 aut
1472 1995 1546 2064 ad

327 2081 696 2156 voluntatem,
726 2096 822 2140 aut
849 2081 921 2140 ad
942 2080 1317 2154 commodum,
1347 2095 1449 2138 aut
1470 2081 1545 2142 ad

329 2168 750 2246 amplitudinem
763 2183 915 2227 tuam
930 2169 1225 2246 pertinere,
1232 2185 1351 2226 mea
1365 2163 1545 2245 spon-

329 2272 387 2317 te
401 2253 460 2314 id
481 2253 585 2314 effe
605 2255 869 2314 saelorum
885 2275 919 2314 ξ,
934 2251 1015 2313 sm
1046 2269 1229 2314 autem
1250 2253 1547 2332 quippiam

327 2356 426 2402 aut
441 2355 542 2399 ate
563 2339 720 2399 effiem
743 2339 1093 2417 admonitus,
1120 2356 1217 2399 aut
1238 2361 1270 2398 a
1292 2341 1428 2415 tuis,
1454 2341 1545 2402 ef-

325 2427 594 2486 fecturum
623 2440 687 2483 ut
715 2427 1078 2504 intelligeres,
1108 2427 1247 2486 nihil
1268 2445 1453 2504 neque
1484 2445 1543 2490 te

322 2509 604 2592 scripsisse,
613 2531 792 2592 neque
807 2532 1141 2594 quemquam
1159 2527 1383 2576 tuorum
1394 2511 1564 2600 stus-5
