1700 3059
1458 0 1607 13 -ή,

304 186 422 243 144
490 161 641 222 ‘AD
682 163 1284 245 FAMILIARES

290 269 563 346 quoniam
602 261 771 340 effugi
804 263 928 340 ejus
965 259 1322 321 offenfionem
1337 303 1362 336 ,
1411 262 1522 340 qui

288 350 512 414 sortafl’e
528 352 904 423 arbitraretur,
933 369 1022 408 me
1039 351 1180 408 hanc
1203 349 1518 428 rempubli-

288 461 411 500 cam
426 459 541 498 non
561 433 819 516 putat-effi
836 450 1102 514 perpetuo
1119 449 1348 493 tacerem
1354 455 1518 508 ‚mo-

288 525 411 586 dice
424 527 533 584 hoc
548 522 769 594 faciam,
790 537 886 581 aut
907 523 1070 580 etiam
1083 522 1230 578 intra
1243 519 1514 584 modum:

287 626 351 672 ut
366 625 421 670 et
435 610 585 670 illius
605 609 910 681 voluntati,
945 621 1002 666 et
1021 609 1157 668 meis
1179 604 1374 666 studiis
1389 605 1512 668 ser-

286 699 457 758 viam.
506 715 635 756 nam
652 692 745 754 etfi
762 715 795 751 a
810 695 990 773 prima
1009 707 1186 752 aetate
1201 713 1288 752 me
1305 698 1510 756 omnis

286 804 378 844 ars
393 799 450 843 et
472 783 723 842 dodi-ina
750 779 1019 854 liberalis,
1039 794 1096 838 et
1113 781 1352 838 maxime
1369 784 1514 842 Phi·

286 869 538 949 losophia
558 867 880 934 delectavitg
905 881 1092 924 tamen
1121 868 1230 924 hoc
1257 864 1514 929 studium

284 956 535 1035 quotidie
549 951 898 1031 ingravescit,
913 952 1081 1014 credo
1095 967 1152 1010 et
1167 953 1358 1011 aetatis
1377 973 1516 1017 ma-

282 1046 509 1104 turitate
522 1041 591 1100 ad
606 1039 984 1122 prudentiam,
1005 1055 1062 1098 et
1075 1041 1162 1098 his
1179 1053 1514 1119 temporum

280 1131 461 1203 vitiis,
496 1143 561 1188 ut
594 1127 747 1186 nulla
774 1147 864 1186 res
897 1127 1000 1184 alia
1031 1125 1214 1186 levare
1245 1127 1514 1189 animum

275 1214 541 1278 molestiis
562 1213 741 1294 poffit.
788 1234 821 1270 a
850 1233 968 1292 quo
999 1211 1175 1270 studio
1211 1227 1266 1270 te
1287 1213 1508 1274 abduci

278 1304 523 1382 negotiis
554 1300 809 1376 intelligo
840 1320 915 1358 ex
935 1301 1046 1357 tuis
1061 1299 1271 1358 literis:
1298 1296 1394 1358 sed
1410 1315 1508 1360 n-

275 1411 402 1451 men
434 1388 641 1468 aliquid
662 1388 779 1464 jam
817 1391 1008 1446 noetes
1043 1401 1098 1444 te
1121 1385 1502 1462 adjuvabunt.

274 1478 491 1537 Servius
522 1491 675 1548 tuus,
712 1473 802 1534 vel
830 1473 1020 1551 potius
1041 1470 1248 1545 noster,
1281 1469 1510 1537 summa

275 1583 363 1624 me
377 1561 729 1622 observantia
742 1559 880 1620 colit
892 1581 912 1618 a
927 1560 1082 1637 cujus
1097 1579 1206 1636 ego
1222 1579 1346 1618 cum
1361 1578 1506 1625 orn-

276 1651 337 1708 ni
352 1651 650 1729 probitate,
660 1645 986 1725 summaque
995 1647 1226 1720 virtute,
1239 1661 1356 1704 tum
1371 1642 1500 1705 stu-

272 1735 380 1796 diis
386 1778 404 1809 ,
414 1735 771 1813 doctrinaque
784 1731 1046 1792 ddeetor.
1071 1733 1120 1790 is
1135 1751 1352 1791 mecum
1365 1728 1498 1792 sae-

272 1841 343 1902 pe
364 1822 433 1882 de
446 1836 541 1880 tua
553 1818 859 1893 mannone,
889 1834 986 1878 aut
1007 1817 1308 1878 decessione
1322 1837 1496 1878 com-

269 1908 533 1968 municat.
580 1907 757 1966 adhuc
790 1907 854 1964 in
883 1909 986 1966 hac
1024 1903 1141 1966 sum
1174 1903 1496 1982 sententia,

268 1995 409 2054 nihil
424 2009 487 2052 ut
500 1992 788 2067 faciamus,
800 1990 906 2052 nifi
918 1990 1071 2072 quod
1085 1993 1326 2052 maxime
1341 1996 1492 2052 Cae-

268 2079 353 2140 sar
374 2079 516 2140 velle
530 2079 803 2140 videatur.
853 2099 940 2138 res
956 2076 1082 2137 sunt
1097 2076 1388 2156 ejusmodi,
1413 2095 1492 2140 ut

266 2166 309 2227 fi
324 2175 529 2228 Romae
543 2165 635 2236 fis,
644 2165 785 2225 nihil
800 2181 880 2242 te,
896 2180 1110 2244 praeter
1125 2179 1278 2238 tuos,
1293 2163 1484 2226 delec-

267 2269 385 2312 tare
398 2252 577 2332 possit.
622 2252 691 2310 de
712 2251 966 2330 reliquis,
985 2251 1124 2310 nihil
1141 2250 1338 2310 melius
1353 2250 1484 2330 ipso

262 2337 361 2397 est.
404 2338 623 2411 caeteri,
650 2353 709 2396 et
736 2355 950 2398 caetera
979 2335 1275 2415 ejusmodi,
1309 2352 1398 2410 ut,
1431 2334 1502 2400 fi.

260 2422 583 2490 alterutrum
616 2420 821 2480 neeess'e
846 2423 934 2496 fit,
979 2423 1168 2482 audire
1195 2443 1258 2482 ea
1287 2422 1482 2500 malis,

256 2523 425 2583 quam
441 2505 644 2572 videre.
675 2509 785 2570 hoe
796 2508 1052 2573 nostrum
1063 2507 1350 2574 confilium
1363 2529 1488 2574 no-
