1700 3059
456 183 782 242 EPIST.
835 199 979 242 ιιι.
1018 197 1113 244 vi.
1264 184 1389 266 269

189 283 298 348 effe
337 284 638 367 aliquando
681 285 1073 368 rempublicam
1122 287 1395 350 constitu·

185 388 301 436 tam
317 396 336 446 3
356 389 474 434 tum
487 373 655 434 velim
667 374 804 434 mihi
819 373 1033 452 credas,
1048 375 1325 452 accedere,
1334 377 1394 440 id

179 462 484 540 etiamque
499 461 672 538 magis
685 478 961 541 expetam,
972 461 1287 542 promissum
1302 478 1394 524 tu·

186 567 306 621 mn,
330 567 446 627 quo
475 549 534 606 in
566 546 739 606 literis
763 549 957 608 uteris.
1004 546 1191 610 scribis
1214 552 1395 628 enim,

179 631 318 696 sr‘ita
332 632 419 708 fit,
442 648 498 693 te
512 653 724 694 mecum
739 631 842 694 esse
856 637 1147 696 victurum.
1195 635 1392 715 gratifi-

183 718 320 784 fima
335 721 472 782 mihi
486 736 582 782 tua
596 720 860 802 voluntas
875 721 969 796 est,
998 721 1237 802 facisque
1252 723 1395 788 nihil

181 807 426 868 alienum
443 803 824 867 neceffit'udine
840 807 1043 880 nostra,
1066 809 1395 891 judiciisque

182 896 360 976 patris
378 896 457 952 tui
479 894 546 953 de
559 914 670 966 me,
692 891 887 954 summi
903 897 1031 956 viri.
1065 917 1192 955 nam
1209 895 1278 956 sic
1294 902 1391 957 ha-

183 985 343 1055 beto,
357 981 752 1040 beneficiorum
768 982 1148 1058 magnitudine
1162 1003 1282 1056 eoa,
1296 985 1396 1064 qui

183 1069 531 1147 temporibus
548 1067 863 1141 valuerunt,
886 1084 984 1127 aut
999 1068 1240 1142 valeant,
1256 1091 1397 1132 con-
1460 1122 1468 1130 .

175 1155 489 1235 junctior-es
512 1170 690 1214 tecum
706 1153 832 1227 effe,
854 1175 1019 1233 quam
1034 1175 1121 1214 me
1132 1178 1151 1228 ς
1178 1157 1395 1218 necessi-

184 1241 404 1313 tudine,
426 1244 722 1302 neminem.
748 1244 1105 1319 quamobrem
1120 1259 1273 1320 grata
1288 1245 1396 1304 mi-

183 1329 248 1390 hi
263 1326 336 1387 est
349 1345 406 1388 et
429 1330 692 1388 memoria
723 1343 818 1386 tua
841 1325 1057 1388 nostrae
1078 1330 1394 1408 conjunffl-

185 1416 342 1490 onis,
365 1432 422 1476 et
449 1416 568 1496 ejus
591 1416 766 1478 etiam
795 1416 1077 1494 augendae
1104 1416 1391 1480 voluntas·

185 1501 332 1564 vale.

479 1699 700 1742 menn
719 1702 758 1742 o
799 1665 1119 1744 ιΕΡτΔΕῘ

102 1780 163 1826 18
276 1766 447 1828 Simul
459 1771 640 1848 accepi
657 1790 688 1827 a
701 1767 927 1829 Seleuco
942 1785 1043 1828 tuo
1056 1770 1267 1844 literae,
1288 1764 1393 1828 sta·

187 1855 292 1914 tim
309 1855 550 1933 quaefivi
565 1876 596 1914 e
610 1855 782 1916 Balbo
812 1877 910 1936 per
931 1855 1234 1929 codicillos,
1260 1851 1397 1933 quid

187 1938 320 2002 effer
336 1943 394 2002 in
411 1942 546 2021 lege.
597 1940 887 2022 rescripfit,
910 1951 1025 2004 Eos
1042 1945 1137 2022 qui
1154 1941 1399 2002 facerent

187 2032 572 2110 praeconium,
594 2031 770 2112 vetari
785 2029 890 2089 effe
904 2033 963 2089 in
980 2029 1397 2102 decurionibt183

188 2117 291 2196 qui
307 2113 569 2190 feciffimt,
595 2138 714 2176 non
737 2119 935 2176 vetari.
983 2135 1151 2194 quare
1163 2117 1318 2174 bono
1334 2135 1397 2174 a·

189 2203 349 2262 nimo
364 2201 468 2262 sint
483 2218 539 2262 et
554 2205 658 2275 tui,
675 2217 732 2260 et
745 2205 853 2263 mei
870 2203 1183 2262 familiares.
1216 2221 1401 2278 neque

187 2288 342 2348 enim
357 2304 472 2347 erat
493 2287 802 2361 ferendum,
828 2310 976 2364 cum,
1001 2292 1094 2367 qui
1118 2287 1281 2348 hodie
1296 2291 1395 2344 ha-

188 2367 521 2454 ruspicinam
538 2375 804 2448 facerent,
817 2378 876 2436 in
894 2374 1078 2435 senatu
1098 2381 1302 2434 Romae
1316 2371 1397 2430 le·

185 2477 476 2540 gerentur,
498 2481 596 2520 eos
613 2463 709 2542 qui
723 2461 1021 2542 aliquando
1037 2460 1395 2539 praeconium

185 2545 454 2633 feciss'ent,
490 2551 552 2610 in
581 2550 897 2631 municipiis
933 2549 1257 2610 decuriones
1291 2539 1398 2608 ess‘c
