1700 3059
423 197 749 256 EPIST.
803 209 943 254 ιιι.
980 211 1080 255 vt.
1238 213 1351 272 241

141 289 274 354 fimi
291 293 560 369 hominis,
588 308 706 353 tum
729 293 929 374 optimi
950 291 1361 374 etprudentiffi-

141 380 234 439 mi
252 379 380 438 viri.
427 395 490 439 tu
519 379 688 441 velim
718 395 794 455 te,
825 393 889 438 ut
920 379 1089 440 debes
1112 393 1167 440 et
1195 379 1361 457 soles,

145 479 254 524 tna
267 465 474 524 virtute
490 464 773 527 sustentes.
817 485 944 542 ego,
967 486 1110 545 quae
1124 481 1181 526 te
1196 467 1361 544 velle,
1390 489 1395 494 ·

138 569 413 632 quaeque
423 547 494 612 ad
509 567 585 627 te,
615 567 674 612 et
693 551 762 612 ad
779 567 909 611 tuos
927 555 1201 632 pertinere
1214 555 1357 614 arbi·

147 639 371 711 trahor,
395 639 584 698 omnia
599 635 827 698 studiose
843 638 1245 718 diligenterque
1259 661 1357 700 cu·

147 725 326 784 raboz
357 743 500 802 quae
519 743 644 784 cum
668 723 885 799 faciam,
918 725 1359 786 benevolentiam

147 823 310 868 tuam
333 829 462 954 ετξῗ
476 831 563 870 me
575 811 857 888 imitabor,
878 812 1072 872 merita
1088 831 1209 872 non
1224 809 1357 872 affe-

148 913 320 975 quar.
367 917 406 956 v
457 916 508 957 e.

317 1089 388 1130 Μ.
413 1089 474 1130 τ.
503 1087 560 1130 c·.
586 1089 650 1131 A.
681 1088 1037 1132 cAEcmAE
1072 1093 1123 1133 s.
1147 1091 1212 1133 n.

92 1173 126 1221 5
151 1183 162 1192 ·
251 1154 698 1236 Quotiescunque
711 1156 885 1217 filium
900 1172 1055 1218 tuum
1068 1157 1367 1230 video‚(vi³·

151 1239 270 1301 deo
283 1258 466 1303 autem
481 1241 592 1302 fere
610 1243 889 1322 quotidie)
912 1245 1177 1325 polliceor
1188 1247 1239 1304 ei
1252 1244 1363 1305 stu·

149 1325 311 1388 dium
326 1327 548 1407 quidem
567 1349 750 1389 meum
771 1349 828 1390 et
850 1350 1097 1410 operam,
1126 1330 1239 1391 fine
1252 1331 1365 1392 ulla

149 1416 484 1494 exceptione
499 1431 591 1474 aut
605 1414 831 1491 laboris,
841 1431 937 1475 aut
952 1419 1358 1496 occupationis&

153 1515 256 1560 aut
273 1503 535 1580 temporis
552 1524 569 1560 ε
587 1504 814 1578 gratiam
832 1519 1036 1576 autem,
1054 1519 1219 1582 atque
1234 1519 1361 1562 ειυς-ὅ
1439 1557 1451 1566 ,

154 1587 434 1648 toritatem
437 1607 584 1663 ,cum
602 1591 704 1646 hac
717 1590 1065 1668 exceptione,
1090 1603 1361 1666 quantum

155 1672 392 1747 valeam,
421 1689 802 1752 quantumque
819 1675 1030 1755 poffim.
1078 1673 1213 1733 liber
1233 1689 1363 1734 tuus

153 1773 214 1820 et
229 1757 400 1818 lectus
415 1759 510 1834 est,
533 1775 589 1818 et
604 1760 805 1837 legitur
819 1781 853 1818 a
868 1781 955 1820 me
968 1759 1281 1837 diligenter,
1302 1775 1361 1819 et

156 1843 459 1906 custoditur
471 1845 888 1922 diligentissime.
934 1865 1020 1904 res
1036 1860 1094 1904 et
1104 1844 1361 1906 fortunae

155 1944 286 1990 tuae
299 1933 434 1990 mihi
451 1933 722 1990 maximae
736 1952 897 1990 curae
911 1929 1035 1990 sunt
1048 1952 1067 2005 ;
1086 1949 1229 2012 quae
1242 1933 1362 2010 qui-

155 2014 282 2076 dem
297 2015 546 2096 quotidie
575 2014 848 2078 faciliores
872 2019 1005 2076 mihi
1028 2033 1083 2076 et
1106 2017 1359 2076 meliores

157 2102 436 2178 videntur,
473 2101 764 2182 multisque
799 2101 965 2164 video
996 2123 1227 2179 magnae
1256 2101 1364 2162 effe

158 2207 322 2248 curae
338 2210 354 2247 ε
379 2209 616 2269 quorum
631 2189 700 2248 de
713 2188 910 2264 studio,
928 2205 985 2248 et
998 2189 1067 2248 de
1084 2188 1175 2248 sua
1190 2188 1280 2268 spe
1292 2188 1361 2248 fi·

157 2274 295 2334 lium
314 2275 382 2334 ad
401 2291 454 2334 te
468 2273 814 2355 perscripfisse
831 2278 989 2336 certo
1009 2273 1139 2335 scio.
1159 2277 1245 2334 his
1262 2297 1359 2334 au-

159 2374 270 2420 tem
285 2361 352 2420 de
379 2363 564 2436 rebus,
593 2381 730 2440 quas
749 2361 1069 2438 conjeetura
1092 2359 1368 2440 consequi-

159 2445 462 2527 poss'umus,
483 2468 604 2507 non
634 2448 768 2506 mihi
797 2446 975 2521 sumo,
1014 2462 1077 2505 ut
1100 2447 1224 2526 plus
1248 2444 1359 2524 ipse

135 2579 140 2586 ,
157 2530 502 2617 prospiciam,
523 2551 690 2616 quam
705 2547 762 2594 te
775 2532 961 2598 videre
974 2547 1139 2616 atque
1154 2531 1359 2594 intelli·
