1700 3059
0 2456 25 2502 'a

428 191 432 196 ’
480 161 808 220 EPIST.
864 177 999 222 ιη.
1039 179 1167 222 vu.
1279 161 1398 239 ²85

178 265 225 328 ti
242 261 493 348 profeflo
510 285 599 325 me
618 285 845 346 quoque
869 267 946 325 ita
970 271 1393 344 conturbatum,

178 367 246 414 ut
276 372 396 412 non
420 351 777 432 explicarem,
799 351 935 432 quid
959 351 1088 412 effet
1117 356 1404 435 optimum·

182 438 349 501 factu.
382 438 583 519 pudori
598 453 785 497 tamen
798 438 988 515 malui,
1004 438 1290 522 famaeque
1303 463 1404 502 ce·-

183 525 337 600 dere,
362 545 527 605 quam
548 522 735 584 salutis
766 543 920 584 meae
943 530 1213 587 rationem
1228 527 1406 588 duce·-

187 633 269 674 re.
294 613 451 690 cujus
468 632 557 670 me
568 613 675 671 mei
690 611 815 671 faeti
830 612 1132 692 poenituit,
1146 635 1266 674 non
1281 629 1396 676 tam

188 713 420 782 propter
439 698 737 779 periculum
754 692 957 774 meum,
979 719 1146 779 quam
1169 716 1403 782 propter

187 787 329 847 vitia
357 785 553 859 multa,
575 804 718 864 quae
747 787 824 844 ibi
848 784 1060 845 offendi
1085 807 1200 869 quo
1223 809 1398 850 vene·

190 893 333 933 ram.
380 874 617 951 primum
633 891 819 950 neque
828 893 1057 950 magnas
1073 877 1285 953 copias>
1301 895 1400 936 ne-

192 979 305 1041 que
316 955 621 1018 bellicosam
637 957 1018 1032 deinde‚extra
1031 959 1248 1036 ducem,
1266 981 1400 1042 pau-

194 1044 401 1124 eosque
436 1059 714 1124 praeterea
727 1087 747 1120 ,
790 1043 892 1116 (de
931 1047 1283 1125 principibus·
1315 1047 1404 1108 lo·

194 1137 375 1213 quor)
390 1133 581 1210 reliqui
603 1133 839 1211 primum
862 1129 1058 1211 inipso
1080 1133 1226 1192 bello
1245 1153 1404 1215 rapa-

90 1299 97 1306 ·
196 1241 325 1280 cest
351 1218 550 1279 deinde
583 1221 643 1276 in
678 1219 934 1278 oratione
956 1220 1034 1280 ita
1048 1219 1322 1300 crudeles,
1343 1237 1408 1282 ut

196 1305 372 1387 ipsam
385 1308 671 1366 viam-iam
687 1309 990 1366 horrerem
1003 1308 1300 1368 maximum
1319 1329 1412 1370 au·-

200 1408 315 1453 tem
354 1413 443 1452 aes
484 1393 725 1452 alienum
769 1393 1212 1473 amplissimorum
1251 1396 1406 1456 viro·

202 1501 349 1540 rum.
397 1479 532 1559 quid
562 1481 821 1557 quaeris?
854 1478 996 1538 nihil
1024 1482 1160 1541 boni
1189 1497 1410 1562 praeteg-

202 1564 443 1628 causam.
490 1583 631 1646 quae
662 1585 787 1625 cum
817 1563 1084 1642 vidissem,
1120 1565 1412 1648 desperans

206 1656 518 1727 victoriam,
541 1655 779 1732 primum
796 1653 955 1732 coepi
971 1649 1189 1712 suadere
1202 1673 1413 1734 pacem,

210 1741 371 1818 cujus
387 1739 595 1799 fueram
611 1737 819 1820 semper
832 1743 1043 1812 audien
1059 1739 1276 1815 deinde,
1289 1761 1415 1801 cum

210 1829 283 1886 ab
298 1847 360 1886 ea
378 1828 644 1886 sententia
668 1828 959 1907 Pompeius
981 1827 1139 1885 valde
1153 1827 1414 1887 abhorre-

210 1930 319 1987 ret,
343 1912 561 1974 suadere
591 1911 818 1987 institui,
848 1927 912 1972 ut
941 1913 1142 1980 bellum
1167 1912 1412 1975 duceret.

214 2004 325 2060 hoc
340 1999 613 2059 interdum
629 2001 975 2078 probabat‚et
993 2001 1053 2058 in
1068 2021 1132 2058 ea
1148 1998 1419 2060 sententia

212 2086 466 2148 videbatu
474 2108 501 2145 ι·
514 2085 713 2160 fore,et
724 2084 900 2145 fuiffitt
913 2084 1153 2161 forta-ist,
1168 2084 1268 2146 nifi
1281 2105 1419 2166 qua-

214 2173 343 2234 dam
372 2193 445 2232 ex
483 2193 671 2253 pugna
707 2169 966 2253 coepisset
1006 2170 1112 2231 suis
1151 2172 1418 2233 militibus

214 2259 589 2321 confidere.ex
602 2279 671 2318 eo
687 2274 934 2338 tempore
947 2260 1036 2318 vir
1049 2257 1139 2317 ille
1155 2257 1419 2336 summus,

216 2347 403 2412 nullus
419 2349 717 2424 imperator
730 2345 854 2405 suit.
873 2343 1022 2424 ligna
1035 2347 1222 2405 tirone
1234 2360 1290 2403 et
1305 2346 1422 2404 eol*

120 2489 127 2496 .
221 2433 690 2492 lefiit-io-exercitu
710 2453 834 2491 cnm
846 2432 1158 2508 legionibus
1175 2430 1425 2491 robustiss

220 2519 369 2589 {imis
386 2519 646 2582 contulit.
674 2522 868 2583 vitius·
886 2519 1202 2598 turpiffime,
1225 2517 1420 2579 amiffis
