1700 3059
151 283 158 287 .
470 199 801 260 EPIST.
856 211 1000 258 ιη.
1043 213 1142 258 tv.
1289 215 1404 276 ης

200 304 291 364 bis
321 300 553 364 minime
578 297 892 378 jucundum
913 295 1008 374 est,
1033 299 1130 378 qui
1153 316 1208 360 te
1225 299 1422 361 videre]

200 389 455 472 cupimus
472 409 487 446 ε
512 385 605 447 sed
618 384 958 448 consulimus
974 387 1100 447 tibi.
1144 386 1292 448 vale.

238 579 391 625 sax.
430 577 806 624 stancius
838 580 915 621 Μ.
939 581 1002 622 τ.
1032 529 1422 622 CICERONI.

720 669 773 709 s·
804 667 872 709 n.
1419 673 1428 684 ·

140 734 175 784 5
286 733 472 796 Postea
493 755 661 817 quam
682 734 819 795 mihi
846 735 1221 795 renuntiatum
1243 732 1318 794 est
1337 732 1416 794 de·

197 823 359 884 obitu
375 821 617 898 Tulliae,
639 820 781 882 filiae
802 835 954 896 tuae,
975 819 1102 880 sane
1115 841 1282 908 quem
1296 841 1406 902 pro

196 927 292 985 ee,
315 931 380 970 ac
410 908 594 985 debui,
630 909 874 988 graviter
901 907 1234 988 molesteque
1264 907 1400 981 tulig

194 1016 661 1076 communemque
690 1015 811 1054 eam
842 994 1202 1054 calamitatem
1224 993 1407 1054 existi&

196 1084 349 1142 mavi
364 1104 381 1141 ε
401 1087 497 1162 qui
513 1080 551 1142 fi
566 1081 681 1142 istic
696 1078 982 1156 affiliffem,
1002 1100 1182 1159 neque
1197 1083 1295 1140 tibi
1311 1079 1407 1140 de·
1499 1106 1510 1112 ·

192 1167 427 1244 fuiffem,
474 1189 773 1247 coramque
798 1188 983 1229 meum
1022 1167 1273 1228 dolorem
1305 1169 1430 1227 tibi·

193 1253 559 1317 declaraffem.
604 1255 699 1316 etfi
728 1276 906 1334 genus
935 1259 1045 1316 hoc
1067 1253 1404 1316 consolatio-

196 1341 289 1402 nis
304 1341 559 1403 miserum
574 1358 741 1422 atque
763 1344 958 1403 acerbu
965 1331 1128 1415 m'est,
1151 1356 1404 1422 propter·

191 1449 263 1490 ea
286 1431 417 1508 quia
441 1450 537 1510 per
568 1449 715 1509 quos
746 1427 1054 1489 eaconfieri
1070 1427 1248 1503 debet,
1270 1447 1404 1506 pro-

194 1517 444 1598 pinquos
476 1538 540 1577 ac
564 1515 879 1590 familiares,
901 1513 998 1596 ipfi
1023 1516 1144 1596 pari·
1161 1511 1405 1574 molestia

146 1643 151 1650 -
193 1603 552 1675 afficiuntur3
578 1623 759 1681 neque
788 1601 900 1662 fine
929 1602 1184 1680 lacrymis
1215 1599 1406 1660 multis

192 1687 254 1749 id
269 1691 461 1748 conari
474 1703 719 1767 queunt:
744 1691 827 1746 uti
861 1690 1035 1766 magis
1061 1686 1154 1767 ipfi
1177 1685 1408 1747 videan-

193 1789 289 1835 tur
306 1773 539 1834 aliorum
556 1772 934 1833 coniblatione
949 1775 1216 1852 indigere,
1238 1791 1405 1852 quam
1423 1801 1430 1810 ·

194 1861 319 1920 aliis
335 1859 484 1940 poffe
500 1860 652 1920 suum
670 1859 907 1920 officium
925 1859 1208 1941 praestaret
1221 1875 1405 1920 tamen

190 1951 410 2027 quaein
434 1945 733 2027 praesentia
764 1949 825 2006 in
865 1963 1105 2008 mentem
1144 1947 1279 2006 mihi
1305 1966 1403 2006 ve·

190 2050 421 2108 nerunt,
452 2033 669 2094 decrevi
698 2035 852 2092 brevi
880 2035 947 2092 ad
964 2049 1018 2092 te
1055 2032 1428 2112 perscribere,-

190 2141 313 2180 non
344 2119 496 2200 quod
526 2140 588 2179 ea
616 2135 673 2179 te
707 2119 899 2196 fugere
935 2119 1266 2193 existimem,
1311 2116 1403 2178 sed

191 2206 342 2286 quod
368 2204 611 2280 forsitan,
649 2205 843 2265 dolore
868 2205 1188 2284 impeditu8‚
1214 2206 1400 2264 minus

187 2313 253 2352 ea
268 2291 560 2374 perspicias
574 2335 590 2352 .
620 2291 754 2372 quid
770 2291 868 2369 est,
885 2290 1039 2371 quod
1055 2305 1215 2350 tanto
1233 2309 1403 2370 opere

188 2394 246 2440 te
263 2393 617 2440 commoveat
633 2394 763 2437 tuus
778 2378 946 2438 dolor
964 2377 1284 2436 intestinus?
1305 2395 1402 2434 co·
1421 2405 1428 2412 ·

186 2467 305 2544 gita
334 2463 797 2544 quemadmodum
832 2464 1012 2524 adhuc
1045 2462 1272 2522 fortuna
1293 2481 1424 2522 no·-

187 2549 397 2616 biscum
407 2552 581 2632 egerit
596 2574 613 2616 ε
652 2573 717 2616 ea
732 2553 900 2614 nobis
915 2563 1100 2633 erepta
1115 2547 1244 2628 effe,
1259 2567 1402 2631 quae
