1700 3059
300 127 426 192 ¹40
511 117 639 173 AD
682 115 1280 174 FAMILIARES

292 217 584 296 experiens
615 217 886 296 quotidie,
907 215 982 278 fic
1003 219 1204 298 probo,
1229 233 1295 276 ut
1315 237 1390 279 ea
1401 219 1510 278 mi-

290 302 352 360 hi
368 300 586 362 salutem
604 302 797 363 afferre
819 304 1134 366 videantur.
1167 319 1222 364 te
1233 319 1428 364 autem
1441 308 1514 364 ab

287 387 458 448 initio
480 393 675 450 aetatis
689 393 958 450 memoria
971 408 1138 450 teneo
1151 389 1364 450 summe
1381 412 1512 451 om-

292 475 449 535 nium
464 476 839 538 doeh-inarum
865 476 1160 538 studiosum
1174 473 1356 552 fuiss'e,
1381 498 1510 538 om-

290 561 516 643 niaque,
542 583 683 642 quae
704 585 737 622 a
756 560 1148 644 sapientissimis
1171 562 1238 622 ad
1253 566 1402 624 bene
1423 567 1512 626 vi·

290 648 533 710 vendum
552 651 751 710 tradita
766 648 959 725 essent,
981 649 1194 710 summo
1209 648 1394 710 studio
1409 658 1518 712 eud

294 755 465 816 taque
478 733 717 797 didicisse
730 759 749 809 3
776 757 849 816 qu
855 757 917 796 ae
931 737 1154 816 quidem
1167 737 1256 796 vel
1273 739 1520 817 optimis·

292 825 481 897 rebus,
496 838 553 882 et
568 822 685 884 usui
700 838 757 882 et
770 821 1120 883 delectationi
1141 822 1244 882 effe
1260 823 1512 902 poffent3

288 909 381 970 his
401 930 538 970 vero
568 911 910 990 temporibus
939 911 1198 970 habemus
1227 909 1380 970 aliud
1417 913 1514 970 ni·

293 995 397 1070 hil,
430 997 491 1055 in
522 1016 638 1076 quo
666 995 1090 1077 acquiescamus.
1137 997 1274 1056 nihil
1305 997 1516 1058 faciam

289 1081 615 1159 insolenter,
636 1105 819 1164 neque
833 1100 890 1142 te
909 1083 1008 1142 tali
1023 1082 1114 1142 vel
1135 1081 1380 1158 scientia,
1413 1085 1518 1144 vel

291 1185 493 1230 natura
514 1169 823 1252 praeditum
845 1173 1134 1243 hortabor,
1158 1184 1222 1228 ut
1243 1170 1314 1230 ad
1333 1191 1432 1229 eas
1451 1186 1514 1230 te

292 1256 501 1318 referas
532 1274 699 1333 artes,
722 1257 924 1338 quibus
947 1279 980 1316 a
1007 1258 1202 1336 primis
1221 1260 1512 1336 ‚tempori-

293 1346 401 1406 bus
415 1348 605 1406 aetatis
622 1344 854 1406 studium
870 1359 1024 1402 tuum
1041 1342 1231 1404 dedisti
1247 1365 1264 1402 t
1281 1358 1514 1404 tantum

162 1431 171 1444 '
294 1431 497 1506 dicam,
512 1430 665 1512 quod
682 1447 737 1490 te
754 1429 912 1511 spero
927 1433 1378 1510 approbaturum,
1389 1451 1514 1505 me,

295 1515 642 1599 posteaquam
657 1519 739 1578 illi
754 1519 882 1592 arti,
907 1516 1338 1591 cuistudueram,
1361 1517 1510 1577 nihil

292 1603 397 1666 ess‘e
426 1605 559 1680 loci,
583 1624 763 1684 neque
790 1605 852 1663 in
883 1605 1057 1678 curia,
1077 1623 1262 1683 neque
1287 1606 1348 1662 in
1369 1602 1512 1664 foro

292 1691 563 1766 viderem,
590 1699 815 1752 omnem'
837 1711 1010 1750 meam
1031 1711 1218 1750 curam
1243 1704 1410 1770 atque
1433 1711 1512 1750 o-

294 1784 485 1858 pe'ram
498 1777 566 1838 ad
589 1776 1000 1858 Philosophiam
1021 1775 1330 1837 contuliffe.
1377 1793 1512 1837 tuae

290 1864 547 1927 scientiae
560 1865 932 1925 excellentiae
946 1861 1346 1941 fingulari,non
1361 1863 1512 1924 mul-

292 1969 359 2016 to
390 1952 535 2035 plus,
557 1973 723 2032 quam
744 1949 983 2026 nostrae,
1005 1949 1249 2010 reliftum
1263 1949 1338 2010 est
1361 1951 1502 2012 loci.

292 2061 463 2121 quare
487 2061 607 2100 non
637 2038 889 2119 equidem
913 2053 968 2096 te
997 2057 1227 2113 moneo,
1247 2034 1340 2098 sed
1359 2039 1506 2098 ‘mihi

290 2130 374 2188 ita
400 2124 649 2208 persuafi,
669 2142 727 2185 te
754 2143 980 2204 quoque
998 2127 1062 2183 in
1083 2121 1274 2182 iisdem
1298 2121 1504 2186 versari

295 2217 479 2288 rebus,
510 2231 648 2292 quae
674 2213 838 2272 etiam
867 2209 1122 2270 siminus
1159 2209 1506 2289 prodessent,

288 2300 538 2362 animum
576 2313 759 2358 tamen
798 2318 828 2354 a
859 2295 1226 2356 sollicitudine
1261 2296 1502 2356 abduce-

292 2397 436 2441 rent.
482 2385 699 2441 Servius
730 2382 954 2462 quidem
989 2398 1116 2442 tuus
1147 2385 1208 2442 in
1231 2386 1504 2444 omnibus

284 2466 545 2543 ingenuis
562 2468 793 2547 artibus,
818 2469 882 2528 in
896 2465 1194 2552 primIsque
1209 2469 1274 2532 in
1287 2471 1418 2551 hec,
1437 2471 1508 2534 in
