1700 3059
355 181 485 250 προ
575 172 701 228 An
744 170 1354 232 FAMILIARES

300 287 307 294 ·
352 269 675 350 Ρῑεᾶιῐε,υε
691 270 900 343 omnia,
919 289 1059 349 quae
1074 289 1171 348 per
1183 289 1274 330 me
1288 269 1468 354 goffia
1485 268 1580 332 ad·

352 355 485 420 duci
501 373 564 420 ut
584 358 646 418 in
668 375 822 416 meos
854 355 1096 416 conferri
1117 355 1280 432 velis,
1310 359 1380 417 in
1404 377 1578 422 unum

300 471 307 478 ·
354 446 509 506 hunc
522 441 805 504 conferasz
826 441 898 502 de
919 463 1037 522 quo
1059 444 1161 502 tibi
1183 445 1426 504 homine
1447 447 1580 508 haec

351 527 601 614 spondeo
616 549 737 592 non
751 529 849 590 illo
859 544 1042 590 vetere
1057 531 1230 590 verbo
1245 532 1579 611 memquod,

354 637 485 680 cum
500 616 569 679 ad
592 632 647 678 te
662 616 730 676 de
747 615 964 678 Milone
978 613 1313 697 scripfiss‘em,
1338 619 1480 696 jure
1495 618 1578 679 lu·

353 703 493 766 sisti:
518 701 609 765 sed
637 723 793 764 more
824 709 1102 778 Romano,
1125 723 1244 781 quo
1263 703 1452 764 modo
1477 707 1578 766 ho·

353 791 539 852 mines
551 811 671 852 non
686 790 862 870 inepti
878 789 1188 870 loquuntur
1202 811 1218 849 z
1245 793 1576 870 probiorem

350 877 944 954 hominem,meliorem
957 878 1164 952 virum,
1179 877 1578 960 pudentiorem

351 962 459 1024 effe
472 966 773 1026 neminem.
800 963 1011 1026 accedit
1023 965 1212 1039 etiam,
1235 965 1400 1044 quod
1415 965 1579 1026 fami·

352 1050 485 1116 liam
501 1050 872 1130 ducit,1njure
885 1051 1038 1114 civili
1053 1049 1344 1138 fingussaris
1361 1072 1578 1114 memo·

353 1139 458 1213 ria,
490 1136 695 1200 summa
710 1136 953 1200 scientia.
1000 1139 1128 1198 huic
1143 1159 1255 1216 ego
1269 1159 1462 1218 neque
1477 1141 1576 1200 tri-

352 1225 647 1299 bunatum,
656 1245 837 1304 neque
850 1223 1270 1306 praestituram,
1284 1245 1478 1306 neque
1491 1226 1576 1286 ul·

353 1309 461 1374 lius
477 1311 727 1374 beneficii
746 1327 957 1372 certum
975 1331 1182 1372 nomen
1197 1328 1330 1394 peto
1351 1335 1368 1370 ι
1405 1315 1574 1374 bene-

352 1396 654 1460 volentiam
672 1414 823 1460 tuam
838 1414 894 1458 et
907 1398 1286 1460 liberalitatem
1301 1413 1460 1479 peto:
1479 1421 1574 1462 ne-

354 1505 463 1565 que
480 1484 741 1565 impedio,
758 1505 873 1564 quo
889 1487 1098 1560 minus,
1120 1483 1159 1544 fi
1175 1486 1276 1546 tibi
1293 1487 1372 1544 ita
1387 1485 1573 1565 placu-

352 1572 487 1646 erit,
506 1572 674 1632 etiam
703 1570 847 1634 hisce
871 1593 996 1632 eum
1011 1592 1179 1632 ornes
1195 1572 1475 1651 gloriolae
1485 1575 1570 1633 in·

352 1654 620 1738 fignibus.
669 1672 854 1720 totum
885 1658 1125 1738 denique
1153 1660 1443 1720 hominem
1473 1661 1570 1720 tibi

352 1743 435 1808 ita
462 1745 623 1806 trado
644 1744 711 1804 de
738 1765 906 1806 manu
929 1743 1023 1816 (ut
1045 1747 1230 1821 aiunt)
1259 1746 1320 1804 in
1343 1766 1569 1806 mmmm

355 1845 509 1892 tuam
538 1830 713 1906 istam,
755 1847 812 1891 et
836 1833 1069 1891 viflorifi
1096 1847 1151 1891 et
1163 1831 1270 1892 fide
1295 1831 1567 1911 praestan·

352 1931 491 1978 tem.
538 1916 699 1978 fimus
716 1919 867 1978 enim
892 1917 1261 1998 putidiusculi,
1285 1938 1457 1996 quam
1473 1939 1567 1998 per

356 2017 415 2062 te
426 2005 529 2064 vix
542 2003 701 2067 licet:
722 2004 940 2076 versun,
955 2019 1016 2064 ut
1030 2003 1218 2080 video,
1233 2004 1448 2066 licebit.
1471 2027 1565 2067 cu·

356 2109 442 2168 ra,
466 2106 532 2154 ut
542 2089 747 2169 valeas,
768 2109 827 2152 et
840 2113 952 2167 me,
975 2111 1038 2152 ut
1051 2112 1222 2169 amas,
1246 2112 1390 2152 ama.

546 2283 803 2326 cronno
836 2283 1195 2327 Tul-:arno
1229 2285 1281 2326 s.
1307 2281 1374 2324 D.
1427 2315 1442 2326 .

440 2357 513 2414 In
536 2354 795 2413 omnibus
832 2353 972 2412 meis
1007 2350 1271 2432 epistolis,
1312 2369 1453 2428 quas
1489 2349 1559 2412 ad
1578 2358 1604 2402 6

354 2436 637 2500 caesarem
640 2481 661 2513 ‚
685 2455 781 2500 aut
794 2438 864 2499 a'd
879 2438 1104 2498 Balbum
1117 2440 1305 2513 mitte,
1325 2437 1560 2515 legitima

354 2523 631 2601 quaedam
672 2523 749 2587 est
792 2523 1013 2586 acceffio
1059 2523 1558 2588 comndationis
