1700 3059
291 195 300 200 “
383 203 713 261 EPIST.
767 217 903 261 mn.
939 217 1048 260 ιιι.
1205 217 1314 264 101

97 317 175 364 ut
192 323 283 364 me
314 295 587 383 sperarem
618 297 721 362 effe
747 299 989 379 usurum,
1021 317 1078 362 et
1093 305 1328 368 amicitia

100 389 305 451 nostra
320 406 377 449 et
396 388 587 448 literae
616 404 739 448 tuae
769 387 1042 465 fecerant;
1067 391 1222 470 quod
1253 413 1326 454 ne

100 499 271 538 nunc
286 476 516 554 quidem
532 473 775 555 despero.
792 473 880 536 sed
897 476 1057 558 plane
1073 477 1326 556 quando,

101 579 211 624 aut
224 563 325 622 ubi
340 578 398 621 te
418 559 635 621 visurus
662 560 779 636 fim,
804 561 904 622 nifi
920 563 987 644 ad
1001 584 1094 624 me
1109 562 1328 646 scriple·

101 653 214 726 ria,
236 671 313 708 ne
344 646 598 730 suspicari
620 648 841 728 quidem
867 647 1098 730 poffum.
1145 671 1250 729 ego
1265 667 1330 712 ut

102 757 201 797 me
217 737 327 796 tibi
350 735 722 795 amicissimum
738 733 866 811 effe,
894 752 950 795 et
974 740 1132 818 aequi
1147 753 1204 796 et
1217 739 1326 797 ini-

104 827 213 903 qui
228 822 801 899 intelligant‚curab0.
828 822 896 882 de
913 837 1011 882 tuo
1027 825 1086 883 in
1104 843 1190 884 me
1205 827 1327 884 ani·

103 931 209 972 mo
255 910 472 987 iniquis
512 905 659 968 secus
690 905 1039 968 existimandi
1059 954 1079 986 ‚
1120 910 1330 972 videris

106 995 385 1057 nonnihil
402 993 511 1054 loci
530 993 748 1076 dediffe.
765 994 823 1053 id
838 993 878 1052 fi
893 997 1330 1072 correxeris‚mi-

104 1085 169 1144 hi
184 1081 355 1143 valde
367 1095 586 1160 gratum
607 1082 733 1140 erit.
779 1093 835 1140 et
858 1095 918 1140 ut
940 1083 1138 1140 habere
1159 1085 1331 1144 ratio·

106 1191 244 1232 nem
260 1169 455 1250 pollis,
484 1189 601 1248 quo
616 1166 747 1228 loco
762 1188 875 1242 me,
893 1165 1040 1228 salva
1051 1167 1171 1246 lege
1186 1175 1332 1229 Cor-

108 1255 285 1332 nelia,
310 1257 639 1330 convenias,
668 1273 772 1332 ego
788 1255 848 1314 in
870 1256 1212 1335 provinciam
1233 1276 1334 1316 ve·

110 1345 179 1404 ni
196 1341 385 1426 pridie
407 1341 518 1402 kal.
546 1349 674 1401 Sex.
704 1343 808 1400 iter
832 1343 894 1400 iu
919 1341 1164 1404 Ciliciam
1182 1343 1332 1404 facio

112 1451 216 1511 per
233 1427 667 1512 Cappadociam.
693 1427 862 1488 eastra
875 1430 1028 1488 movi
1045 1430 1114 1489 ab
1131 1431 1330 1490 Iconio

114 1517 301 1598 pridie
332 1513 596 1574 kalendas
625 1516 976 1617 Septembris.
1025 1535 1176 1576 nunc
1199 1531 1256 1574 tu
1273 1531 1330 1578 et

114 1626 191 1664 ex
206 1603 374 1664 diebu
382 1621 431 1677 s,
460 1616 515 1660 et
529 1621 601 1660 ex
618 1602 833 1660 ratione
856 1603 1093 1675 itineris,
1117 1600 1154 1660 fi
1171 1615 1332 1679 puta-

116 1694 208 1751 bis
240 1709 335 1750 me
367 1685 469 1747 effi:
498 1687 968 1761 conveniendum,
1012 1686 1336 1764 constitues„

117 1799 240 1858 quo
258 1775 391 1834 loco
404 1773 461 1833 id
484 1773 910 1835 commodiffime
935 1772 1051 1833 fieri
1080 1772 1258 1855 possit,
1278 1790 1337 1834 >et

121 1884 242 1944 quo
258 1861 373 1922 die.
418 1860 562 1921 vale.

134 2060 209 2100 M.
238 2056 305 2097 τ.
330 2054 389 2095 e.
414 2053 559 2097 nur.
587 2057 639 2097 s·
666 2053 733 2096 n.
759 2053 960 2096 Arrio
983 2053 1336 2096 runcano.

81 2131 109 2177 7
220 2123 479 2184 Pluribus
518 2123 703 2181 verbis
735 2121 802 2182 ad
833 2136 887 2180 te
915 2117 1168 2196 scribam,
1211 2141 1338 2182 cum
1385 2135 1390 2142 ’

131 2209 263 2291 plus
280 2208 381 2268 otii
404 2213 597 2266 nactus
620 2228 740 2267 ero.
786 2209 919 2266 haec
949 2205 1125 2288 scripfi
1139 2205 1340 2282 subito,

135 2317 267 2356 cum
284 2295 441 2354 Bruti
459 2294 610 2374 pueri
628 2293 932 2354 Laodiceae
947 2313 1034 2352 me
1047 2293 1342 2354 convenis·

136 2381 281 2458 sent,
302 2397 362 2440 et
388 2375 443 2438 se
466 2387 701 2439 Romam
732 2398 1025 2460 properare
1055 2378 1341 2440 dixissentz

136 2470 329 2547 itaque
344 2465 525 2526 nullas
542 2467 634 2541 iis,
656 2481 1032 2546 praeterquam
1051 2464 1115 2524 ad
1131 2481 1187 2524 te
1206 2479 1262 2524 et
1277 2464 1345 2524 ad

136 2561 396 2634 Brutum,
419 2552 547 2614 dedi
561 2552 766 2616 literas.
803 2552 972 2632 legati
991 2553 1230 2634 Appiani
1243 2553 1346 2612 mi·
